%% This BibTeX bibliography file was created using BibDesk.
%% http://bibdesk.sourceforge.net/


%% Created for Tim Lenertz at 2014-08-11 12:44:57 +0200 


%% Saved with string encoding Unicode (UTF-8) 



@inproceedings{Told2010,
	Author = {Roberto Toldo; Alberto Beinat; Fabio Crosilla},
	Date-Added = {2014-08-11 10:43:33 +0000},
	Date-Modified = {2014-08-11 10:44:57 +0000},
	Organization = {3DPVT 2010 Conference},
	Title = {Global registration of multiple point clouds embedding the Generalized Procrustes Analysis into an ICP framework},
	Year = {2010},
	Bdsk-File-1 = {YnBsaXN0MDDUAQIDBAUGJCVYJHZlcnNpb25YJG9iamVjdHNZJGFyY2hpdmVyVCR0b3ASAAGGoKgHCBMUFRYaIVUkbnVsbNMJCgsMDxJXTlMua2V5c1pOUy5vYmplY3RzViRjbGFzc6INDoACgAOiEBGABIAFgAdccmVsYXRpdmVQYXRoWWFsaWFzRGF0YV8QFnJlZmVyZW5jZS9Ub2xkMjAxMC5wZGbSFwsYGVdOUy5kYXRhTxEB2AAAAAAB2AACAAAMTWFjaW50b3NoIEhEAAAAAAAAAAAAAAAAAAAAzyiwqEgrAAAAH2FUDFRvbGQyMDEwLnBkZgAAAAAAAAAAAAAAAAAAAAAAAAAAAAAAAAAAAAAAAAAAAAAAAAAAAAAAAAAAAAAAAAAAAABXOQnQDmC0AAAAAAAAAAAAAQADAAAJIAAAAAAAAAAAAAAAAAAAAAlyZWZlcmVuY2UAABAACAAAzyiimAAAABEACAAA0A5ElAAAAAEAHAAfYVQAEue3ABc+jwAXIMgACP25AAj9uAACZdkAAgBeTWFjaW50b3NoIEhEOlVzZXJzOgB0aW1sZW5lcnR6OgBEb2N1bWVudHM6AFVMQjoASU5GTzQgMjAxMy0yMDE0OgBtZW1vOgByZWZlcmVuY2U6AFRvbGQyMDEwLnBkZgAOABoADABUAG8AbABkADIAMAAxADAALgBwAGQAZgAPABoADABNAGEAYwBpAG4AdABvAHMAaAAgAEgARAASAEpVc2Vycy90aW1sZW5lcnR6L0RvY3VtZW50cy9VTEIvSU5GTzQgMjAxMy0yMDE0L21lbW8vcmVmZXJlbmNlL1RvbGQyMDEwLnBkZgATAAEvAAAVAAIAEf//AACABtIbHB0eWiRjbGFzc25hbWVYJGNsYXNzZXNdTlNNdXRhYmxlRGF0YaMdHyBWTlNEYXRhWE5TT2JqZWN00hscIiNcTlNEaWN0aW9uYXJ5oiIgXxAPTlNLZXllZEFyY2hpdmVy0SYnVHJvb3SAAQAIABEAGgAjAC0AMgA3AEAARgBNAFUAYABnAGoAbABuAHEAcwB1AHcAhACOAKcArAC0ApACkgKXAqICqwK5Ar0CxALNAtIC3wLiAvQC9wL8AAAAAAAAAgEAAAAAAAAAKAAAAAAAAAAAAAAAAAAAAv4=}}

@inproceedings{Horn1986,
	Annote = {Math for ICP (from photogrammetry)},
	Author = {Berthold K.P. Horn},
	Booktitle = {Journal of the Optical Society of America A},
	Date-Added = {2014-08-08 10:28:02 +0000},
	Date-Modified = {2014-08-08 18:38:37 +0000},
	Month = {April},
	Organization = {Department of Electrical Engineering, University of Hawaii at Manoa},
	Pages = {629},
	Read = {1},
	Title = {Closed-form solution of absolute orientation using unit quaternions},
	Volume = {4},
	Year = {1987},
	Bdsk-File-1 = {YnBsaXN0MDDUAQIDBAUGJCVYJHZlcnNpb25YJG9iamVjdHNZJGFyY2hpdmVyVCR0b3ASAAGGoKgHCBMUFRYaIVUkbnVsbNMJCgsMDxJXTlMua2V5c1pOUy5vYmplY3RzViRjbGFzc6INDoACgAOiEBGABIAFgAdccmVsYXRpdmVQYXRoWWFsaWFzRGF0YV8QFnJlZmVyZW5jZS9Ib3JuMTk4Ni5wZGbSFwsYGVdOUy5kYXRhTxEB2AAAAAAB2AACAAAMTWFjaW50b3NoIEhEAAAAAAAAAAAAAAAAAAAAzyiwqEgrAAAAH2FUDEhvcm4xOTg2LnBkZgAAAAAAAAAAAAAAAAAAAAAAAAAAAAAAAAAAAAAAAAAAAAAAAAAAAAAAAAAAAAAAAAAAAABV3JjQCnKZAAAAAAAAAAAAAQADAAAJIAAAAAAAAAAAAAAAAAAAAAlyZWZlcmVuY2UAABAACAAAzyiimAAAABEACAAA0ApWeQAAAAEAHAAfYVQAEue3ABc+jwAXIMgACP25AAj9uAACZdkAAgBeTWFjaW50b3NoIEhEOlVzZXJzOgB0aW1sZW5lcnR6OgBEb2N1bWVudHM6AFVMQjoASU5GTzQgMjAxMy0yMDE0OgBtZW1vOgByZWZlcmVuY2U6AEhvcm4xOTg2LnBkZgAOABoADABIAG8AcgBuADEAOQA4ADYALgBwAGQAZgAPABoADABNAGEAYwBpAG4AdABvAHMAaAAgAEgARAASAEpVc2Vycy90aW1sZW5lcnR6L0RvY3VtZW50cy9VTEIvSU5GTzQgMjAxMy0yMDE0L21lbW8vcmVmZXJlbmNlL0hvcm4xOTg2LnBkZgATAAEvAAAVAAIAEf//AACABtIbHB0eWiRjbGFzc25hbWVYJGNsYXNzZXNdTlNNdXRhYmxlRGF0YaMdHyBWTlNEYXRhWE5TT2JqZWN00hscIiNcTlNEaWN0aW9uYXJ5oiIgXxAPTlNLZXllZEFyY2hpdmVy0SYnVHJvb3SAAQAIABEAGgAjAC0AMgA3AEAARgBNAFUAYABnAGoAbABuAHEAcwB1AHcAhACOAKcArAC0ApACkgKXAqICqwK5Ar0CxALNAtIC3wLiAvQC9wL8AAAAAAAAAgEAAAAAAAAAKAAAAAAAAAAAAAAAAAAAAv4=}}

@inproceedings{Besl1992,
	Annote = {ICP with quaternion method},
	Author = {Paul J Besl; Neil D. McKay},
	Booktitle = {IEEE Transactions on Pattern Analysis and Machine Intelligence},
	Date-Added = {2014-08-07 11:23:20 +0000},
	Date-Modified = {2014-08-08 18:38:23 +0000},
	Month = {February},
	Number = {2},
	Organization = {IEEE},
	Pages = {239-256},
	Read = {1},
	Title = {A Method for Registration of 3-D Shapes},
	Volume = {14},
	Year = {1992},
	Bdsk-File-1 = {YnBsaXN0MDDUAQIDBAUGJCVYJHZlcnNpb25YJG9iamVjdHNZJGFyY2hpdmVyVCR0b3ASAAGGoKgHCBMUFRYaIVUkbnVsbNMJCgsMDxJXTlMua2V5c1pOUy5vYmplY3RzViRjbGFzc6INDoACgAOiEBGABIAFgAdccmVsYXRpdmVQYXRoWWFsaWFzRGF0YV8QFnJlZmVyZW5jZS9CZXNsMTk5Mi5wZGbSFwsYGVdOUy5kYXRhTxEB2AAAAAAB2AACAAAMTWFjaW50b3NoIEhEAAAAAAAAAAAAAAAAAAAAzyiwqEgrAAAAH2FUDEJlc2wxOTkyLnBkZgAAAAAAAAAAAAAAAAAAAAAAAAAAAAAAAAAAAAAAAAAAAAAAAAAAAAAAAAAAAAAAAAAAAABURSbQCSFQAAAAAAAAAAAAAQADAAAJIAAAAAAAAAAAAAAAAAAAAAlyZWZlcmVuY2UAABAACAAAzyiimAAAABEACAAA0AkFMAAAAAEAHAAfYVQAEue3ABc+jwAXIMgACP25AAj9uAACZdkAAgBeTWFjaW50b3NoIEhEOlVzZXJzOgB0aW1sZW5lcnR6OgBEb2N1bWVudHM6AFVMQjoASU5GTzQgMjAxMy0yMDE0OgBtZW1vOgByZWZlcmVuY2U6AEJlc2wxOTkyLnBkZgAOABoADABCAGUAcwBsADEAOQA5ADIALgBwAGQAZgAPABoADABNAGEAYwBpAG4AdABvAHMAaAAgAEgARAASAEpVc2Vycy90aW1sZW5lcnR6L0RvY3VtZW50cy9VTEIvSU5GTzQgMjAxMy0yMDE0L21lbW8vcmVmZXJlbmNlL0Jlc2wxOTkyLnBkZgATAAEvAAAVAAIAEf//AACABtIbHB0eWiRjbGFzc25hbWVYJGNsYXNzZXNdTlNNdXRhYmxlRGF0YaMdHyBWTlNEYXRhWE5TT2JqZWN00hscIiNcTlNEaWN0aW9uYXJ5oiIgXxAPTlNLZXllZEFyY2hpdmVy0SYnVHJvb3SAAQAIABEAGgAjAC0AMgA3AEAARgBNAFUAYABnAGoAbABuAHEAcwB1AHcAhACOAKcArAC0ApACkgKXAqICqwK5Ar0CxALNAtIC3wLiAvQC9wL8AAAAAAAAAgEAAAAAAAAAKAAAAAAAAAAAAAAAAAAAAv4=}}

@inproceedings{Rusi2001,
	Annote = {ICP variants},
	Author = {Szymon Rusinkiewicz; Marc Levoy},
	Date-Added = {2014-08-07 10:36:44 +0000},
	Date-Modified = {2014-08-07 10:40:33 +0000},
	Organization = {Stanford University},
	Pages = {145-152},
	Title = {Efficient Variants of the ICP Algorithm},
	Volume = {3-D Digital Imaging and Modeling},
	Year = {2001},
	Bdsk-File-1 = {YnBsaXN0MDDUAQIDBAUGJCVYJHZlcnNpb25YJG9iamVjdHNZJGFyY2hpdmVyVCR0b3ASAAGGoKgHCBMUFRYaIVUkbnVsbNMJCgsMDxJXTlMua2V5c1pOUy5vYmplY3RzViRjbGFzc6INDoACgAOiEBGABIAFgAdccmVsYXRpdmVQYXRoWWFsaWFzRGF0YV8QFnJlZmVyZW5jZS9SdXNpMjAwMS5wZGbSFwsYGVdOUy5kYXRhTxEB2AAAAAAB2AACAAAMTWFjaW50b3NoIEhEAAAAAAAAAAAAAAAAAAAAzyiwqEgrAAAAH2FUDFJ1c2kyMDAxLnBkZgAAAAAAAAAAAAAAAAAAAAAAAAAAAAAAAAAAAAAAAAAAAAAAAAAAAAAAAAAAAAAAAAAAAABUROvQCSCXAAAAAAAAAAAAAQADAAAJIAAAAAAAAAAAAAAAAAAAAAlyZWZlcmVuY2UAABAACAAAzyiimAAAABEACAAA0AkEdwAAAAEAHAAfYVQAEue3ABc+jwAXIMgACP25AAj9uAACZdkAAgBeTWFjaW50b3NoIEhEOlVzZXJzOgB0aW1sZW5lcnR6OgBEb2N1bWVudHM6AFVMQjoASU5GTzQgMjAxMy0yMDE0OgBtZW1vOgByZWZlcmVuY2U6AFJ1c2kyMDAxLnBkZgAOABoADABSAHUAcwBpADIAMAAwADEALgBwAGQAZgAPABoADABNAGEAYwBpAG4AdABvAHMAaAAgAEgARAASAEpVc2Vycy90aW1sZW5lcnR6L0RvY3VtZW50cy9VTEIvSU5GTzQgMjAxMy0yMDE0L21lbW8vcmVmZXJlbmNlL1J1c2kyMDAxLnBkZgATAAEvAAAVAAIAEf//AACABtIbHB0eWiRjbGFzc25hbWVYJGNsYXNzZXNdTlNNdXRhYmxlRGF0YaMdHyBWTlNEYXRhWE5TT2JqZWN00hscIiNcTlNEaWN0aW9uYXJ5oiIgXxAPTlNLZXllZEFyY2hpdmVy0SYnVHJvb3SAAQAIABEAGgAjAC0AMgA3AEAARgBNAFUAYABnAGoAbABuAHEAcwB1AHcAhACOAKcArAC0ApACkgKXAqICqwK5Ar0CxALNAtIC3wLiAvQC9wL8AAAAAAAAAgEAAAAAAAAAKAAAAAAAAAAAAAAAAAAAAv4=}}

@inproceedings{Maka2006,
	Author = {Ameesh Makadia; Alexander Patterson IV; Kostas Daniilidis},
	Booktitle = {CVPR '06 Proceedings of the 2006 IEEE Computer Society Conference on Computer Vision and Pattern Recognition},
	Date-Added = {2014-07-30 09:19:52 +0000},
	Date-Modified = {2014-07-30 09:21:35 +0000},
	Organization = {University of Pennsylvania},
	Pages = {1297-1304},
	Read = {1},
	Title = {Fully Automatic Registration of 3D Point Clouds},
	Volume = {1},
	Year = {2006},
	Bdsk-File-1 = {YnBsaXN0MDDUAQIDBAUGJCVYJHZlcnNpb25YJG9iamVjdHNZJGFyY2hpdmVyVCR0b3ASAAGGoKgHCBMUFRYaIVUkbnVsbNMJCgsMDxJXTlMua2V5c1pOUy5vYmplY3RzViRjbGFzc6INDoACgAOiEBGABIAFgAdccmVsYXRpdmVQYXRoWWFsaWFzRGF0YV8QFnJlZmVyZW5jZS9NYWthMjAwNi5wZGbSFwsYGVdOUy5kYXRhTxEB2AAAAAAB2AACAAAMTWFjaW50b3NoIEhEAAAAAAAAAAAAAAAAAAAAzyiwqEgrAAAAH2FUDE1ha2EyMDA2LnBkZgAAAAAAAAAAAAAAAAAAAAAAAAAAAAAAAAAAAAAAAAAAAAAAAAAAAAAAAAAAAAAAAAAAAABCgObP+AVMAAAAAAAAAAAAAQADAAAJIAAAAAAAAAAAAAAAAAAAAAlyZWZlcmVuY2UAABAACAAAzyiimAAAABEACAAAz/fpLAAAAAEAHAAfYVQAEue3ABc+jwAXIMgACP25AAj9uAACZdkAAgBeTWFjaW50b3NoIEhEOlVzZXJzOgB0aW1sZW5lcnR6OgBEb2N1bWVudHM6AFVMQjoASU5GTzQgMjAxMy0yMDE0OgBtZW1vOgByZWZlcmVuY2U6AE1ha2EyMDA2LnBkZgAOABoADABNAGEAawBhADIAMAAwADYALgBwAGQAZgAPABoADABNAGEAYwBpAG4AdABvAHMAaAAgAEgARAASAEpVc2Vycy90aW1sZW5lcnR6L0RvY3VtZW50cy9VTEIvSU5GTzQgMjAxMy0yMDE0L21lbW8vcmVmZXJlbmNlL01ha2EyMDA2LnBkZgATAAEvAAAVAAIAEf//AACABtIbHB0eWiRjbGFzc25hbWVYJGNsYXNzZXNdTlNNdXRhYmxlRGF0YaMdHyBWTlNEYXRhWE5TT2JqZWN00hscIiNcTlNEaWN0aW9uYXJ5oiIgXxAPTlNLZXllZEFyY2hpdmVy0SYnVHJvb3SAAQAIABEAGgAjAC0AMgA3AEAARgBNAFUAYABnAGoAbABuAHEAcwB1AHcAhACOAKcArAC0ApACkgKXAqICqwK5Ar0CxALNAtIC3wLiAvQC9wL8AAAAAAAAAgEAAAAAAAAAKAAAAAAAAAAAAAAAAAAAAv4=}}

@article{Volt2007,
	Annote = {Practical example (Valer Castle)},
	Author = {Francesca Voltolini; Sabry El-Hakimb; Fabio Remondinoc; Marco Pontina; Stefano Girardia; Alessandro Rizzia; Lorenzo Gonzoa},
	Date-Added = {2014-07-11 14:34:33 +0000},
	Date-Modified = {2014-07-11 18:04:14 +0000},
	Read = {1},
	Title = {Digital documentation of complex architectures by integration of multiple techniques - The case study of Valer Castle},
	Year = {2007},
	Bdsk-File-1 = {YnBsaXN0MDDUAQIDBAUGJCVYJHZlcnNpb25YJG9iamVjdHNZJGFyY2hpdmVyVCR0b3ASAAGGoKgHCBMUFRYaIVUkbnVsbNMJCgsMDxJXTlMua2V5c1pOUy5vYmplY3RzViRjbGFzc6INDoACgAOiEBGABIAFgAdccmVsYXRpdmVQYXRoWWFsaWFzRGF0YV8QFnJlZmVyZW5jZS9Wb2x0MjAwNy5wZGbSFwsYGVdOUy5kYXRhTxEB2AAAAAAB2AACAAAMTWFjaW50b3NoIEhEAAAAAAAAAAAAAAAAAAAAzyiwqEgrAAAAH2FUDFZvbHQyMDA3LnBkZgAAAAAAAAAAAAAAAAAAAAAAAAAAAAAAAAAAAAAAAAAAAAAAAAAAAAAAAAAAAAAAAAAAAAA89tLP5baAAAAAAAAAAAAAAQADAAAJIAAAAAAAAAAAAAAAAAAAAAlyZWZlcmVuY2UAABAACAAAzyiimAAAABEACAAAz+WaYAAAAAEAHAAfYVQAEue3ABc+jwAXIMgACP25AAj9uAACZdkAAgBeTWFjaW50b3NoIEhEOlVzZXJzOgB0aW1sZW5lcnR6OgBEb2N1bWVudHM6AFVMQjoASU5GTzQgMjAxMy0yMDE0OgBtZW1vOgByZWZlcmVuY2U6AFZvbHQyMDA3LnBkZgAOABoADABWAG8AbAB0ADIAMAAwADcALgBwAGQAZgAPABoADABNAGEAYwBpAG4AdABvAHMAaAAgAEgARAASAEpVc2Vycy90aW1sZW5lcnR6L0RvY3VtZW50cy9VTEIvSU5GTzQgMjAxMy0yMDE0L21lbW8vcmVmZXJlbmNlL1ZvbHQyMDA3LnBkZgATAAEvAAAVAAIAEf//AACABtIbHB0eWiRjbGFzc25hbWVYJGNsYXNzZXNdTlNNdXRhYmxlRGF0YaMdHyBWTlNEYXRhWE5TT2JqZWN00hscIiNcTlNEaWN0aW9uYXJ5oiIgXxAPTlNLZXllZEFyY2hpdmVy0SYnVHJvb3SAAQAIABEAGgAjAC0AMgA3AEAARgBNAFUAYABnAGoAbABuAHEAcwB1AHcAhACOAKcArAC0ApACkgKXAqICqwK5Ar0CxALNAtIC3wLiAvQC9wL8AAAAAAAAAgEAAAAAAAAAKAAAAAAAAAAAAAAAAAAAAv4=}}

@inproceedings{Shec2007,
	Address = {76100 Rehovot, Israel},
	Author = {Eli Shechtman; Michal Irani},
	Date-Added = {2014-07-11 13:26:25 +0000},
	Date-Modified = {2014-07-11 13:27:40 +0000},
	Organization = {The Weizmann Institute of Science},
	Title = {Matching Local Self-Similarities across Images and Videos},
	Year = {2007},
	Bdsk-File-1 = {YnBsaXN0MDDUAQIDBAUGJCVYJHZlcnNpb25YJG9iamVjdHNZJGFyY2hpdmVyVCR0b3ASAAGGoKgHCBMUFRYaIVUkbnVsbNMJCgsMDxJXTlMua2V5c1pOUy5vYmplY3RzViRjbGFzc6INDoACgAOiEBGABIAFgAdccmVsYXRpdmVQYXRoWWFsaWFzRGF0YV8QFnJlZmVyZW5jZS9TaGVjMjAwNy5wZGbSFwsYGVdOUy5kYXRhTxEB2AAAAAAB2AACAAAMTWFjaW50b3NoIEhEAAAAAAAAAAAAAAAAAAAAzyiwqEgrAAAAH2FUDFNoZWMyMDA3LnBkZgAAAAAAAAAAAAAAAAAAAAAAAAAAAAAAAAAAAAAAAAAAAAAAAAAAAAAAAAAAAAAAAAAAAAA89abP5bJ/AAAAAAAAAAAAAQADAAAJIAAAAAAAAAAAAAAAAAAAAAlyZWZlcmVuY2UAABAACAAAzyiimAAAABEACAAAz+WWXwAAAAEAHAAfYVQAEue3ABc+jwAXIMgACP25AAj9uAACZdkAAgBeTWFjaW50b3NoIEhEOlVzZXJzOgB0aW1sZW5lcnR6OgBEb2N1bWVudHM6AFVMQjoASU5GTzQgMjAxMy0yMDE0OgBtZW1vOgByZWZlcmVuY2U6AFNoZWMyMDA3LnBkZgAOABoADABTAGgAZQBjADIAMAAwADcALgBwAGQAZgAPABoADABNAGEAYwBpAG4AdABvAHMAaAAgAEgARAASAEpVc2Vycy90aW1sZW5lcnR6L0RvY3VtZW50cy9VTEIvSU5GTzQgMjAxMy0yMDE0L21lbW8vcmVmZXJlbmNlL1NoZWMyMDA3LnBkZgATAAEvAAAVAAIAEf//AACABtIbHB0eWiRjbGFzc25hbWVYJGNsYXNzZXNdTlNNdXRhYmxlRGF0YaMdHyBWTlNEYXRhWE5TT2JqZWN00hscIiNcTlNEaWN0aW9uYXJ5oiIgXxAPTlNLZXllZEFyY2hpdmVy0SYnVHJvb3SAAQAIABEAGgAjAC0AMgA3AEAARgBNAFUAYABnAGoAbABuAHEAcwB1AHcAhACOAKcArAC0ApACkgKXAqICqwK5Ar0CxALNAtIC3wLiAvQC9wL8AAAAAAAAAgEAAAAAAAAAKAAAAAAAAAAAAAAAAAAAAv4=}}

@article{Grus2012,
	Annote = {Practical examples of merging TLS + photogrammetric data},
	Author = {P. Grussenmeyer; E. Alby; T. Landes; M. Koehl; S. Guillemin; J.-F. Hullo; P. Assali; E. Smigiel},
	Date-Added = {2014-07-08 22:32:20 +0000},
	Date-Modified = {2014-07-11 14:31:20 +0000},
	Journal = {International Archives of the Photogrammetry, Remote Sensing and Spatial Information Sciences},
	Pages = {553-558},
	Read = {1},
	Title = {Recording Approach Of Heritage Sites Based On Merging Point Clouds From High Resolution Photogrammetry And Terrestrial Laser Scanning},
	Volume = {XXXIX-B5},
	Year = {2012},
	Bdsk-File-1 = {YnBsaXN0MDDUAQIDBAUGJCVYJHZlcnNpb25YJG9iamVjdHNZJGFyY2hpdmVyVCR0b3ASAAGGoKgHCBMUFRYaIVUkbnVsbNMJCgsMDxJXTlMua2V5c1pOUy5vYmplY3RzViRjbGFzc6INDoACgAOiEBGABIAFgAdccmVsYXRpdmVQYXRoWWFsaWFzRGF0YV8QFnJlZmVyZW5jZS9HcnVzMjAxMi5wZGbSFwsYGVdOUy5kYXRhTxEB2AAAAAAB2AACAAAMTWFjaW50b3NoIEhEAAAAAAAAAAAAAAAAAAAAzyiwqEgrAAAAH2FUDEdydXMyMDEyLnBkZgAAAAAAAAAAAAAAAAAAAAAAAAAAAAAAAAAAAAAAAAAAAAAAAAAAAAAAAAAAAAAAAAAAAAA8+jvP4j4OAAAAAAAAAAAAAQADAAAJIAAAAAAAAAAAAAAAAAAAAAlyZWZlcmVuY2UAABAACAAAzyiimAAAABEACAAAz+Ih7gAAAAEAHAAfYVQAEue3ABc+jwAXIMgACP25AAj9uAACZdkAAgBeTWFjaW50b3NoIEhEOlVzZXJzOgB0aW1sZW5lcnR6OgBEb2N1bWVudHM6AFVMQjoASU5GTzQgMjAxMy0yMDE0OgBtZW1vOgByZWZlcmVuY2U6AEdydXMyMDEyLnBkZgAOABoADABHAHIAdQBzADIAMAAxADIALgBwAGQAZgAPABoADABNAGEAYwBpAG4AdABvAHMAaAAgAEgARAASAEpVc2Vycy90aW1sZW5lcnR6L0RvY3VtZW50cy9VTEIvSU5GTzQgMjAxMy0yMDE0L21lbW8vcmVmZXJlbmNlL0dydXMyMDEyLnBkZgATAAEvAAAVAAIAEf//AACABtIbHB0eWiRjbGFzc25hbWVYJGNsYXNzZXNdTlNNdXRhYmxlRGF0YaMdHyBWTlNEYXRhWE5TT2JqZWN00hscIiNcTlNEaWN0aW9uYXJ5oiIgXxAPTlNLZXllZEFyY2hpdmVy0SYnVHJvb3SAAQAIABEAGgAjAC0AMgA3AEAARgBNAFUAYABnAGoAbABuAHEAcwB1AHcAhACOAKcArAC0ApACkgKXAqICqwK5Ar0CxALNAtIC3wLiAvQC9wL8AAAAAAAAAgEAAAAAAAAAKAAAAAAAAAAAAAAAAAAAAv4=}}

@article{Huan2012,
	Author = {Jing Huang; Suya You},
	Date-Added = {2014-07-08 15:24:14 +0000},
	Date-Modified = {2014-07-08 15:27:00 +0000},
	Journal = {Computer Vision and Pattern Recognition Workshops (CVPRW), 2012 IEEE Computer Society Conference on},
	Month = {June},
	Pages = {41-48},
	Title = {Point Cloud Matching based on 3D Self-Similarity},
	Year = {2012},
	Bdsk-File-1 = {YnBsaXN0MDDUAQIDBAUGJCVYJHZlcnNpb25YJG9iamVjdHNZJGFyY2hpdmVyVCR0b3ASAAGGoKgHCBMUFRYaIVUkbnVsbNMJCgsMDxJXTlMua2V5c1pOUy5vYmplY3RzViRjbGFzc6INDoACgAOiEBGABIAFgAdccmVsYXRpdmVQYXRoWWFsaWFzRGF0YV8QFnJlZmVyZW5jZS9IdWFuMjAxMi5wZGbSFwsYGVdOUy5kYXRhTxEB2AAAAAAB2AACAAAMTWFjaW50b3NoIEhEAAAAAAAAAAAAAAAAAAAAzyiwqEgrAAAAH2FUDEh1YW4yMDEyLnBkZgAAAAAAAAAAAAAAAAAAAAAAAAAAAAAAAAAAAAAAAAAAAAAAAAAAAAAAAAAAAAAAAAAAAAA7yZHP4dm7AAAAAAAAAAAAAQADAAAJIAAAAAAAAAAAAAAAAAAAAAlyZWZlcmVuY2UAABAACAAAzyiimAAAABEACAAAz+G9mwAAAAEAHAAfYVQAEue3ABc+jwAXIMgACP25AAj9uAACZdkAAgBeTWFjaW50b3NoIEhEOlVzZXJzOgB0aW1sZW5lcnR6OgBEb2N1bWVudHM6AFVMQjoASU5GTzQgMjAxMy0yMDE0OgBtZW1vOgByZWZlcmVuY2U6AEh1YW4yMDEyLnBkZgAOABoADABIAHUAYQBuADIAMAAxADIALgBwAGQAZgAPABoADABNAGEAYwBpAG4AdABvAHMAaAAgAEgARAASAEpVc2Vycy90aW1sZW5lcnR6L0RvY3VtZW50cy9VTEIvSU5GTzQgMjAxMy0yMDE0L21lbW8vcmVmZXJlbmNlL0h1YW4yMDEyLnBkZgATAAEvAAAVAAIAEf//AACABtIbHB0eWiRjbGFzc25hbWVYJGNsYXNzZXNdTlNNdXRhYmxlRGF0YaMdHyBWTlNEYXRhWE5TT2JqZWN00hscIiNcTlNEaWN0aW9uYXJ5oiIgXxAPTlNLZXllZEFyY2hpdmVy0SYnVHJvb3SAAQAIABEAGgAjAC0AMgA3AEAARgBNAFUAYABnAGoAbABuAHEAcwB1AHcAhACOAKcArAC0ApACkgKXAqICqwK5Ar0CxALNAtIC3wLiAvQC9wL8AAAAAAAAAgEAAAAAAAAAKAAAAAAAAAAAAAAAAAAAAv4=}}

@inproceedings{Dold2006,
	Author = {Christoph Dold; Claus Brenner},
	Booktitle = {International Archives of Photogrammetry and Remote Sensing},
	Date-Added = {2014-07-08 14:08:10 +0000},
	Date-Modified = {2014-07-08 14:12:24 +0000},
	Organization = {Leibniz University of Hannover},
	Pages = {25-27},
	Title = {Registration of Terrestrial Laser Scanning Data using Planar Patches and Image Data},
	Year = {2006},
	Bdsk-File-1 = {YnBsaXN0MDDUAQIDBAUGJCVYJHZlcnNpb25YJG9iamVjdHNZJGFyY2hpdmVyVCR0b3ASAAGGoKgHCBMUFRYaIVUkbnVsbNMJCgsMDxJXTlMua2V5c1pOUy5vYmplY3RzViRjbGFzc6INDoACgAOiEBGABIAFgAdccmVsYXRpdmVQYXRoWWFsaWFzRGF0YV8QFnJlZmVyZW5jZS9Eb2xkMjAwNi5wZGbSFwsYGVdOUy5kYXRhTxEB2AAAAAAB2AACAAAMTWFjaW50b3NoIEhEAAAAAAAAAAAAAAAAAAAAzyiwqEgrAAAAH2FUDERvbGQyMDA2LnBkZgAAAAAAAAAAAAAAAAAAAAAAAAAAAAAAAAAAAAAAAAAAAAAAAAAAAAAAAAAAAAAAAAAAAAA7xJHP4ce/AAAAAAAAAAAAAQADAAAJIAAAAAAAAAAAAAAAAAAAAAlyZWZlcmVuY2UAABAACAAAzyiimAAAABEACAAAz+GrnwAAAAEAHAAfYVQAEue3ABc+jwAXIMgACP25AAj9uAACZdkAAgBeTWFjaW50b3NoIEhEOlVzZXJzOgB0aW1sZW5lcnR6OgBEb2N1bWVudHM6AFVMQjoASU5GTzQgMjAxMy0yMDE0OgBtZW1vOgByZWZlcmVuY2U6AERvbGQyMDA2LnBkZgAOABoADABEAG8AbABkADIAMAAwADYALgBwAGQAZgAPABoADABNAGEAYwBpAG4AdABvAHMAaAAgAEgARAASAEpVc2Vycy90aW1sZW5lcnR6L0RvY3VtZW50cy9VTEIvSU5GTzQgMjAxMy0yMDE0L21lbW8vcmVmZXJlbmNlL0RvbGQyMDA2LnBkZgATAAEvAAAVAAIAEf//AACABtIbHB0eWiRjbGFzc25hbWVYJGNsYXNzZXNdTlNNdXRhYmxlRGF0YaMdHyBWTlNEYXRhWE5TT2JqZWN00hscIiNcTlNEaWN0aW9uYXJ5oiIgXxAPTlNLZXllZEFyY2hpdmVy0SYnVHJvb3SAAQAIABEAGgAjAC0AMgA3AEAARgBNAFUAYABnAGoAbABuAHEAcwB1AHcAhACOAKcArAC0ApACkgKXAqICqwK5Ar0CxALNAtIC3wLiAvQC9wL8AAAAAAAAAgEAAAAAAAAAKAAAAAAAAAAAAAAAAAAAAv4=}}

@article{Bibe2003,
	Author = {Peter Biber},
	Date-Added = {2014-07-08 04:51:32 +0000},
	Date-Modified = {2014-07-08 14:12:18 +0000},
	Organization = {University of T{\"u}bingen},
	Title = {The Normal Distributions Transform: A New Approach to Laser Scan Matching},
	Year = {2003},
	Bdsk-File-1 = {YnBsaXN0MDDUAQIDBAUGJCVYJHZlcnNpb25YJG9iamVjdHNZJGFyY2hpdmVyVCR0b3ASAAGGoKgHCBMUFRYaIVUkbnVsbNMJCgsMDxJXTlMua2V5c1pOUy5vYmplY3RzViRjbGFzc6INDoACgAOiEBGABIAFgAdccmVsYXRpdmVQYXRoWWFsaWFzRGF0YV8QFnJlZmVyZW5jZS9CaWJlMjAwMy5wZGbSFwsYGVdOUy5kYXRhTxEB2AAAAAAB2AACAAAMTWFjaW50b3NoIEhEAAAAAAAAAAAAAAAAAAAAzyiwqEgrAAAAH2FUDEJpYmUyMDAzLnBkZgAAAAAAAAAAAAAAAAAAAAAAAAAAAAAAAAAAAAAAAAAAAAAAAAAAAAAAAAAAAAAAAAAAAAA7kJjP4UVoAAAAAAAAAAAAAQADAAAJIAAAAAAAAAAAAAAAAAAAAAlyZWZlcmVuY2UAABAACAAAzyiimAAAABEACAAAz+EpSAAAAAEAHAAfYVQAEue3ABc+jwAXIMgACP25AAj9uAACZdkAAgBeTWFjaW50b3NoIEhEOlVzZXJzOgB0aW1sZW5lcnR6OgBEb2N1bWVudHM6AFVMQjoASU5GTzQgMjAxMy0yMDE0OgBtZW1vOgByZWZlcmVuY2U6AEJpYmUyMDAzLnBkZgAOABoADABCAGkAYgBlADIAMAAwADMALgBwAGQAZgAPABoADABNAGEAYwBpAG4AdABvAHMAaAAgAEgARAASAEpVc2Vycy90aW1sZW5lcnR6L0RvY3VtZW50cy9VTEIvSU5GTzQgMjAxMy0yMDE0L21lbW8vcmVmZXJlbmNlL0JpYmUyMDAzLnBkZgATAAEvAAAVAAIAEf//AACABtIbHB0eWiRjbGFzc25hbWVYJGNsYXNzZXNdTlNNdXRhYmxlRGF0YaMdHyBWTlNEYXRhWE5TT2JqZWN00hscIiNcTlNEaWN0aW9uYXJ5oiIgXxAPTlNLZXllZEFyY2hpdmVy0SYnVHJvb3SAAQAIABEAGgAjAC0AMgA3AEAARgBNAFUAYABnAGoAbABuAHEAcwB1AHcAhACOAKcArAC0ApACkgKXAqICqwK5Ar0CxALNAtIC3wLiAvQC9wL8AAAAAAAAAgEAAAAAAAAAKAAAAAAAAAAAAAAAAAAAAv4=}}

@phdthesis{Lich2011,
	Annote = {Registration using lines in both photos and point clouds},
	Author = {Maria Lichtenstein},
	Date-Added = {2014-07-06 14:48:28 +0000},
	Date-Modified = {2014-07-14 09:37:16 +0000},
	Read = {1},
	School = {Rheinisch-Westf{\"a}lische Technische Hochschule Aachen},
	Title = {Strukturbasierte Registrierung von Punktwolken unter Verwendung von Bild- und Laserscannerdaten},
	Year = {2011},
	Bdsk-File-1 = {YnBsaXN0MDDUAQIDBAUGJCVYJHZlcnNpb25YJG9iamVjdHNZJGFyY2hpdmVyVCR0b3ASAAGGoKgHCBMUFRYaIVUkbnVsbNMJCgsMDxJXTlMua2V5c1pOUy5vYmplY3RzViRjbGFzc6INDoACgAOiEBGABIAFgAdccmVsYXRpdmVQYXRoWWFsaWFzRGF0YV8QFnJlZmVyZW5jZS9MaWNoMjAxMS5wZGbSFwsYGVdOUy5kYXRhTxEB2AAAAAAB2AACAAAMTWFjaW50b3NoIEhEAAAAAAAAAAAAAAAAAAAAzyiwqEgrAAAAH2FUDExpY2gyMDExLnBkZgAAAAAAAAAAAAAAAAAAAAAAAAAAAAAAAAAAAAAAAAAAAAAAAAAAAAAAAAAAAAAAAAAAAAA46F/P3SgEAAAAAAAAAAAAAQADAAAJIAAAAAAAAAAAAAAAAAAAAAlyZWZlcmVuY2UAABAACAAAzyiimAAAABEACAAAz90L5AAAAAEAHAAfYVQAEue3ABc+jwAXIMgACP25AAj9uAACZdkAAgBeTWFjaW50b3NoIEhEOlVzZXJzOgB0aW1sZW5lcnR6OgBEb2N1bWVudHM6AFVMQjoASU5GTzQgMjAxMy0yMDE0OgBtZW1vOgByZWZlcmVuY2U6AExpY2gyMDExLnBkZgAOABoADABMAGkAYwBoADIAMAAxADEALgBwAGQAZgAPABoADABNAGEAYwBpAG4AdABvAHMAaAAgAEgARAASAEpVc2Vycy90aW1sZW5lcnR6L0RvY3VtZW50cy9VTEIvSU5GTzQgMjAxMy0yMDE0L21lbW8vcmVmZXJlbmNlL0xpY2gyMDExLnBkZgATAAEvAAAVAAIAEf//AACABtIbHB0eWiRjbGFzc25hbWVYJGNsYXNzZXNdTlNNdXRhYmxlRGF0YaMdHyBWTlNEYXRhWE5TT2JqZWN00hscIiNcTlNEaWN0aW9uYXJ5oiIgXxAPTlNLZXllZEFyY2hpdmVy0SYnVHJvb3SAAQAIABEAGgAjAC0AMgA3AEAARgBNAFUAYABnAGoAbABuAHEAcwB1AHcAhACOAKcArAC0ApACkgKXAqICqwK5Ar0CxALNAtIC3wLiAvQC9wL8AAAAAAAAAgEAAAAAAAAAKAAAAAAAAAAAAAAAAAAAAv4=}}

@inproceedings{Dold2005,
	Annote = {Coarse rotation-only registration using extended gaussian images},
	Author = {Christoph Dold},
	Date-Added = {2014-07-06 14:39:43 +0000},
	Date-Modified = {2014-07-16 11:01:29 +0000},
	Organization = {Institute of Cartography and Geoinformatics, University of Hannover, Germany},
	Read = {1},
	Title = {Extended Gaussian Images for the Registration of Terrestial Scan Data},
	Year = {2005},
	Bdsk-File-1 = {YnBsaXN0MDDUAQIDBAUGJCVYJHZlcnNpb25YJG9iamVjdHNZJGFyY2hpdmVyVCR0b3ASAAGGoKgHCBMUFRYaIVUkbnVsbNMJCgsMDxJXTlMua2V5c1pOUy5vYmplY3RzViRjbGFzc6INDoACgAOiEBGABIAFgAdccmVsYXRpdmVQYXRoWWFsaWFzRGF0YV8QFnJlZmVyZW5jZS9Eb2xkMjAwNS5wZGbSFwsYGVdOUy5kYXRhTxEB2AAAAAAB2AACAAAMTWFjaW50b3NoIEhEAAAAAAAAAAAAAAAAAAAAzyiwqEgrAAAAH2FUDERvbGQyMDA1LnBkZgAAAAAAAAAAAAAAAAAAAAAAAAAAAAAAAAAAAAAAAAAAAAAAAAAAAAAAAAAAAAAAAAAAAAA/ODXP3yw5AAAAAAAAAAAAAQADAAAJIAAAAAAAAAAAAAAAAAAAAAlyZWZlcmVuY2UAABAACAAAzyiimAAAABEACAAAz98QGQAAAAEAHAAfYVQAEue3ABc+jwAXIMgACP25AAj9uAACZdkAAgBeTWFjaW50b3NoIEhEOlVzZXJzOgB0aW1sZW5lcnR6OgBEb2N1bWVudHM6AFVMQjoASU5GTzQgMjAxMy0yMDE0OgBtZW1vOgByZWZlcmVuY2U6AERvbGQyMDA1LnBkZgAOABoADABEAG8AbABkADIAMAAwADUALgBwAGQAZgAPABoADABNAGEAYwBpAG4AdABvAHMAaAAgAEgARAASAEpVc2Vycy90aW1sZW5lcnR6L0RvY3VtZW50cy9VTEIvSU5GTzQgMjAxMy0yMDE0L21lbW8vcmVmZXJlbmNlL0RvbGQyMDA1LnBkZgATAAEvAAAVAAIAEf//AACABtIbHB0eWiRjbGFzc25hbWVYJGNsYXNzZXNdTlNNdXRhYmxlRGF0YaMdHyBWTlNEYXRhWE5TT2JqZWN00hscIiNcTlNEaWN0aW9uYXJ5oiIgXxAPTlNLZXllZEFyY2hpdmVy0SYnVHJvb3SAAQAIABEAGgAjAC0AMgA3AEAARgBNAFUAYABnAGoAbABuAHEAcwB1AHcAhACOAKcArAC0ApACkgKXAqICqwK5Ar0CxALNAtIC3wLiAvQC9wL8AAAAAAAAAgEAAAAAAAAAKAAAAAAAAAAAAAAAAAAAAv4=}}

@article{Rose2012,
	Annote = {State of the art 2012, solutions for photogrammetry and TLS},
	Author = {Hugo Rose},
	Date-Added = {2014-07-06 01:50:23 +0000},
	Date-Modified = {2014-07-11 22:46:07 +0000},
	Journal = {Revue XYZ},
	Number = {2e trimestre},
	Pages = {19-23},
	Read = {1},
	Title = {Processus de cr{\'e}ation de nuages de points par corr{\'e}lation d'images},
	Volume = {131},
	Year = {2012},
	Bdsk-File-1 = {YnBsaXN0MDDUAQIDBAUGJCVYJHZlcnNpb25YJG9iamVjdHNZJGFyY2hpdmVyVCR0b3ASAAGGoKgHCBMUFRYaIVUkbnVsbNMJCgsMDxJXTlMua2V5c1pOUy5vYmplY3RzViRjbGFzc6INDoACgAOiEBGABIAFgAdccmVsYXRpdmVQYXRoWWFsaWFzRGF0YV8QFnJlZmVyZW5jZS9Sb3NlMjAxMi5wZGbSFwsYGVdOUy5kYXRhTxEB2AAAAAAB2AACAAAMTWFjaW50b3NoIEhEAAAAAAAAAAAAAAAAAAAAzyiwqEgrAAAAH2FUDFJvc2UyMDEyLnBkZgAAAAAAAAAAAAAAAAAAAAAAAAAAAAAAAAAAAAAAAAAAAAAAAAAAAAAAAAAAAAAAAAAAAAA441rP3SJqAAAAAAAAAAAAAQADAAAJIAAAAAAAAAAAAAAAAAAAAAlyZWZlcmVuY2UAABAACAAAzyiimAAAABEACAAAz90GSgAAAAEAHAAfYVQAEue3ABc+jwAXIMgACP25AAj9uAACZdkAAgBeTWFjaW50b3NoIEhEOlVzZXJzOgB0aW1sZW5lcnR6OgBEb2N1bWVudHM6AFVMQjoASU5GTzQgMjAxMy0yMDE0OgBtZW1vOgByZWZlcmVuY2U6AFJvc2UyMDEyLnBkZgAOABoADABSAG8AcwBlADIAMAAxADIALgBwAGQAZgAPABoADABNAGEAYwBpAG4AdABvAHMAaAAgAEgARAASAEpVc2Vycy90aW1sZW5lcnR6L0RvY3VtZW50cy9VTEIvSU5GTzQgMjAxMy0yMDE0L21lbW8vcmVmZXJlbmNlL1Jvc2UyMDEyLnBkZgATAAEvAAAVAAIAEf//AACABtIbHB0eWiRjbGFzc25hbWVYJGNsYXNzZXNdTlNNdXRhYmxlRGF0YaMdHyBWTlNEYXRhWE5TT2JqZWN00hscIiNcTlNEaWN0aW9uYXJ5oiIgXxAPTlNLZXllZEFyY2hpdmVy0SYnVHJvb3SAAQAIABEAGgAjAC0AMgA3AEAARgBNAFUAYABnAGoAbABuAHEAcwB1AHcAhACOAKcArAC0ApACkgKXAqICqwK5Ar0CxALNAtIC3wLiAvQC9wL8AAAAAAAAAgEAAAAAAAAAKAAAAAAAAAAAAAAAAAAAAv4=}}

@article{Kers2006,
	Annote = {State of the art of existing scanning devices and fusion methods},
	Author = {Thomas Kersten; Heinz-J{\"u}rgen Przybilla; Maren Lindstaedt},
	Date-Added = {2014-07-06 01:22:19 +0000},
	Date-Modified = {2014-07-16 03:30:14 +0000},
	Month = {November},
	Organization = {HafenCity Universit{\"a}t Hamburg},
	Read = {1},
	Title = {Integration, Fusion und Kombination von terrestrischen Laserscannerdaten und digitalen Bildern},
	Year = {2006},
	Bdsk-File-1 = {YnBsaXN0MDDUAQIDBAUGJCVYJHZlcnNpb25YJG9iamVjdHNZJGFyY2hpdmVyVCR0b3ASAAGGoKgHCBMUFRYaIVUkbnVsbNMJCgsMDxJXTlMua2V5c1pOUy5vYmplY3RzViRjbGFzc6INDoACgAOiEBGABIAFgAdccmVsYXRpdmVQYXRoWWFsaWFzRGF0YV8QFnJlZmVyZW5jZS9LZXJzMjAwNi5wZGbSFwsYGVdOUy5kYXRhTxEB2AAAAAAB2AACAAAMTWFjaW50b3NoIEhEAAAAAAAAAAAAAAAAAAAAzyiwqEgrAAAAH2FUDEtlcnMyMDA2LnBkZgAAAAAAAAAAAAAAAAAAAAAAAAAAAAAAAAAAAAAAAAAAAAAAAAAAAAAAAAAAAAAAAAAAAAA/BgDP3Sl8AAAAAAAAAAAAAQADAAAJIAAAAAAAAAAAAAAAAAAAAAlyZWZlcmVuY2UAABAACAAAzyiimAAAABEACAAAz90NXAAAAAEAHAAfYVQAEue3ABc+jwAXIMgACP25AAj9uAACZdkAAgBeTWFjaW50b3NoIEhEOlVzZXJzOgB0aW1sZW5lcnR6OgBEb2N1bWVudHM6AFVMQjoASU5GTzQgMjAxMy0yMDE0OgBtZW1vOgByZWZlcmVuY2U6AEtlcnMyMDA2LnBkZgAOABoADABLAGUAcgBzADIAMAAwADYALgBwAGQAZgAPABoADABNAGEAYwBpAG4AdABvAHMAaAAgAEgARAASAEpVc2Vycy90aW1sZW5lcnR6L0RvY3VtZW50cy9VTEIvSU5GTzQgMjAxMy0yMDE0L21lbW8vcmVmZXJlbmNlL0tlcnMyMDA2LnBkZgATAAEvAAAVAAIAEf//AACABtIbHB0eWiRjbGFzc25hbWVYJGNsYXNzZXNdTlNNdXRhYmxlRGF0YaMdHyBWTlNEYXRhWE5TT2JqZWN00hscIiNcTlNEaWN0aW9uYXJ5oiIgXxAPTlNLZXllZEFyY2hpdmVy0SYnVHJvb3SAAQAIABEAGgAjAC0AMgA3AEAARgBNAFUAYABnAGoAbABuAHEAcwB1AHcAhACOAKcArAC0ApACkgKXAqICqwK5Ar0CxALNAtIC3wLiAvQC9wL8AAAAAAAAAgEAAAAAAAAAKAAAAAAAAAAAAAAAAAAAAv4=}}

@article{Dold2007,
	Annote = {Sumary of 3 point cloud registration methods and example usage},
	Author = {Christoph Dold; Nora Ripperda; Claus Brenner},
	Date-Added = {2014-07-06 00:39:57 +0000},
	Date-Modified = {2014-07-17 19:41:47 +0000},
	Journal = {Beitr{\"a}ge der Oldenburger 3D-Tage},
	Pages = {196},
	Read = {1},
	Title = {Vergleich verschiedener Methoden zur automatischen Registrierung von terrestrischen Laserscandaten},
	Year = {2007},
	Bdsk-File-1 = {YnBsaXN0MDDUAQIDBAUGJCVYJHZlcnNpb25YJG9iamVjdHNZJGFyY2hpdmVyVCR0b3ASAAGGoKgHCBMUFRYaIVUkbnVsbNMJCgsMDxJXTlMua2V5c1pOUy5vYmplY3RzViRjbGFzc6INDoACgAOiEBGABIAFgAdccmVsYXRpdmVQYXRoWWFsaWFzRGF0YV8QFnJlZmVyZW5jZS9Eb2xkMjAwNy5wZGbSFwsYGVdOUy5kYXRhTxEB2AAAAAAB2AACAAAMTWFjaW50b3NoIEhEAAAAAAAAAAAAAAAAAAAAzyiwqEgrAAAAH2FUDERvbGQyMDA3LnBkZgAAAAAAAAAAAAAAAAAAAAAAAAAAAAAAAAAAAAAAAAAAAAAAAAAAAAAAAAAAAAAAAAAAAAA49trP3UqLAAAAAAAAAAAAAQADAAAJIAAAAAAAAAAAAAAAAAAAAAlyZWZlcmVuY2UAABAACAAAzyiimAAAABEACAAAz90uawAAAAEAHAAfYVQAEue3ABc+jwAXIMgACP25AAj9uAACZdkAAgBeTWFjaW50b3NoIEhEOlVzZXJzOgB0aW1sZW5lcnR6OgBEb2N1bWVudHM6AFVMQjoASU5GTzQgMjAxMy0yMDE0OgBtZW1vOgByZWZlcmVuY2U6AERvbGQyMDA3LnBkZgAOABoADABEAG8AbABkADIAMAAwADcALgBwAGQAZgAPABoADABNAGEAYwBpAG4AdABvAHMAaAAgAEgARAASAEpVc2Vycy90aW1sZW5lcnR6L0RvY3VtZW50cy9VTEIvSU5GTzQgMjAxMy0yMDE0L21lbW8vcmVmZXJlbmNlL0RvbGQyMDA3LnBkZgATAAEvAAAVAAIAEf//AACABtIbHB0eWiRjbGFzc25hbWVYJGNsYXNzZXNdTlNNdXRhYmxlRGF0YaMdHyBWTlNEYXRhWE5TT2JqZWN00hscIiNcTlNEaWN0aW9uYXJ5oiIgXxAPTlNLZXllZEFyY2hpdmVy0SYnVHJvb3SAAQAIABEAGgAjAC0AMgA3AEAARgBNAFUAYABnAGoAbABuAHEAcwB1AHcAhACOAKcArAC0ApACkgKXAqICqwK5Ar0CxALNAtIC3wLiAvQC9wL8AAAAAAAAAgEAAAAAAAAAKAAAAAAAAAAAAAAAAAAAAv4=}}

@mastersthesis{Gard2009,
	Author = {Gardon Elzbieta},
	Date-Added = {2014-07-06 00:35:01 +0000},
	Date-Modified = {2014-07-08 14:11:28 +0000},
	Month = {Septembre},
	School = {Ecole Nationale des Sciences G{\'e}ographiques},
	Title = {Fusion de cartes de profondeurs en photogramm{\'e}trie architecturale},
	Type = {Rapport de Projet Pluridisciplinaire},
	Year = {2009},
	Bdsk-File-1 = {YnBsaXN0MDDUAQIDBAUGJCVYJHZlcnNpb25YJG9iamVjdHNZJGFyY2hpdmVyVCR0b3ASAAGGoKgHCBMUFRYaIVUkbnVsbNMJCgsMDxJXTlMua2V5c1pOUy5vYmplY3RzViRjbGFzc6INDoACgAOiEBGABIAFgAdccmVsYXRpdmVQYXRoWWFsaWFzRGF0YV8QFnJlZmVyZW5jZS9HYXJkMjAwOS5wZGbSFwsYGVdOUy5kYXRhTxEB2AAAAAAB2AACAAAMTWFjaW50b3NoIEhEAAAAAAAAAAAAAAAAAAAAzyiwqEgrAAAAH2FUDEdhcmQyMDA5LnBkZgAAAAAAAAAAAAAAAAAAAAAAAAAAAAAAAAAAAAAAAAAAAAAAAAAAAAAAAAAAAAAAAAAAAAA45PbP3SQRAAAAAAAAAAAAAQADAAAJIAAAAAAAAAAAAAAAAAAAAAlyZWZlcmVuY2UAABAACAAAzyiimAAAABEACAAAz90H8QAAAAEAHAAfYVQAEue3ABc+jwAXIMgACP25AAj9uAACZdkAAgBeTWFjaW50b3NoIEhEOlVzZXJzOgB0aW1sZW5lcnR6OgBEb2N1bWVudHM6AFVMQjoASU5GTzQgMjAxMy0yMDE0OgBtZW1vOgByZWZlcmVuY2U6AEdhcmQyMDA5LnBkZgAOABoADABHAGEAcgBkADIAMAAwADkALgBwAGQAZgAPABoADABNAGEAYwBpAG4AdABvAHMAaAAgAEgARAASAEpVc2Vycy90aW1sZW5lcnR6L0RvY3VtZW50cy9VTEIvSU5GTzQgMjAxMy0yMDE0L21lbW8vcmVmZXJlbmNlL0dhcmQyMDA5LnBkZgATAAEvAAAVAAIAEf//AACABtIbHB0eWiRjbGFzc25hbWVYJGNsYXNzZXNdTlNNdXRhYmxlRGF0YaMdHyBWTlNEYXRhWE5TT2JqZWN00hscIiNcTlNEaWN0aW9uYXJ5oiIgXxAPTlNLZXllZEFyY2hpdmVy0SYnVHJvb3SAAQAIABEAGgAjAC0AMgA3AEAARgBNAFUAYABnAGoAbABuAHEAcwB1AHcAhACOAKcArAC0ApACkgKXAqICqwK5Ar0CxALNAtIC3wLiAvQC9wL8AAAAAAAAAgEAAAAAAAAAKAAAAAAAAAAAAAAAAAAAAv4=}}

@article{Zogg2006,
	Author = {Hans Martin Zogg; Thorsten Schulz},
	Date-Added = {2014-07-06 00:09:25 +0000},
	Date-Modified = {2014-07-16 10:21:46 +0000},
	Journal = {Geomatik Schweiz: Geoinformation und Landmanagement},
	Number = {8},
	Read = {1},
	Title = {Terrestrisches Laserscanning in der Geomatik},
	Volume = {104},
	Year = {2006},
	Bdsk-File-1 = {YnBsaXN0MDDUAQIDBAUGJCVYJHZlcnNpb25YJG9iamVjdHNZJGFyY2hpdmVyVCR0b3ASAAGGoKgHCBMUFRYaIVUkbnVsbNMJCgsMDxJXTlMua2V5c1pOUy5vYmplY3RzViRjbGFzc6INDoACgAOiEBGABIAFgAdccmVsYXRpdmVQYXRoWWFsaWFzRGF0YV8QFnJlZmVyZW5jZS9ab2dnMjAwNi5wZGbSFwsYGVdOUy5kYXRhTxEB2AAAAAAB2AACAAAMTWFjaW50b3NoIEhEAAAAAAAAAAAAAAAAAAAAzyiwqEgrAAAAH2FUDFpvZ2cyMDA2LnBkZgAAAAAAAAAAAAAAAAAAAAAAAAAAAAAAAAAAAAAAAAAAAAAAAAAAAAAAAAAAAAAAAAAAAAA48XTP3ThNAAAAAAAAAAAAAQADAAAJIAAAAAAAAAAAAAAAAAAAAAlyZWZlcmVuY2UAABAACAAAzyiimAAAABEACAAAz90cLQAAAAEAHAAfYVQAEue3ABc+jwAXIMgACP25AAj9uAACZdkAAgBeTWFjaW50b3NoIEhEOlVzZXJzOgB0aW1sZW5lcnR6OgBEb2N1bWVudHM6AFVMQjoASU5GTzQgMjAxMy0yMDE0OgBtZW1vOgByZWZlcmVuY2U6AFpvZ2cyMDA2LnBkZgAOABoADABaAG8AZwBnADIAMAAwADYALgBwAGQAZgAPABoADABNAGEAYwBpAG4AdABvAHMAaAAgAEgARAASAEpVc2Vycy90aW1sZW5lcnR6L0RvY3VtZW50cy9VTEIvSU5GTzQgMjAxMy0yMDE0L21lbW8vcmVmZXJlbmNlL1pvZ2cyMDA2LnBkZgATAAEvAAAVAAIAEf//AACABtIbHB0eWiRjbGFzc25hbWVYJGNsYXNzZXNdTlNNdXRhYmxlRGF0YaMdHyBWTlNEYXRhWE5TT2JqZWN00hscIiNcTlNEaWN0aW9uYXJ5oiIgXxAPTlNLZXllZEFyY2hpdmVy0SYnVHJvb3SAAQAIABEAGgAjAC0AMgA3AEAARgBNAFUAYABnAGoAbABuAHEAcwB1AHcAhACOAKcArAC0ApACkgKXAqICqwK5Ar0CxALNAtIC3wLiAvQC9wL8AAAAAAAAAgEAAAAAAAAAKAAAAAAAAAAAAAAAAAAAAv4=}}

@inproceedings{Dell2013,
	Annote = {Refine registration of multiple images with cloud},
	Author = {Matteo Dellepiane; Roberto Scopigno},
	Booktitle = {Digital Heritage 2013},
	Date-Added = {2014-07-06 00:03:29 +0000},
	Date-Modified = {2014-07-10 19:53:36 +0000},
	Month = {November},
	Pages = {39-46},
	Publisher = {IEEE},
	Title = {Global refinement of image-to-geometry registration for color projection},
	Year = {2013},
	Bdsk-File-1 = {YnBsaXN0MDDUAQIDBAUGJCVYJHZlcnNpb25YJG9iamVjdHNZJGFyY2hpdmVyVCR0b3ASAAGGoKgHCBMUFRYaIVUkbnVsbNMJCgsMDxJXTlMua2V5c1pOUy5vYmplY3RzViRjbGFzc6INDoACgAOiEBGABIAFgAdccmVsYXRpdmVQYXRoWWFsaWFzRGF0YV8QFnJlZmVyZW5jZS9EZWxsMjAxMy5wZGbSFwsYGVdOUy5kYXRhTxEB2AAAAAAB2AACAAAMTWFjaW50b3NoIEhEAAAAAAAAAAAAAAAAAAAAzyiwqEgrAAAAH2FUDERlbGwyMDEzLnBkZgAAAAAAAAAAAAAAAAAAAAAAAAAAAAAAAAAAAAAAAAAAAAAAAAAAAAAAAAAAAAAAAAAAAAAWRAbPmBUyAAAAAAAAAAAAAQADAAAJIAAAAAAAAAAAAAAAAAAAAAlyZWZlcmVuY2UAABAACAAAzyiimAAAABEACAAAz5f5EgAAAAEAHAAfYVQAEue3ABc+jwAXIMgACP25AAj9uAACZdkAAgBeTWFjaW50b3NoIEhEOlVzZXJzOgB0aW1sZW5lcnR6OgBEb2N1bWVudHM6AFVMQjoASU5GTzQgMjAxMy0yMDE0OgBtZW1vOgByZWZlcmVuY2U6AERlbGwyMDEzLnBkZgAOABoADABEAGUAbABsADIAMAAxADMALgBwAGQAZgAPABoADABNAGEAYwBpAG4AdABvAHMAaAAgAEgARAASAEpVc2Vycy90aW1sZW5lcnR6L0RvY3VtZW50cy9VTEIvSU5GTzQgMjAxMy0yMDE0L21lbW8vcmVmZXJlbmNlL0RlbGwyMDEzLnBkZgATAAEvAAAVAAIAEf//AACABtIbHB0eWiRjbGFzc25hbWVYJGNsYXNzZXNdTlNNdXRhYmxlRGF0YaMdHyBWTlNEYXRhWE5TT2JqZWN00hscIiNcTlNEaWN0aW9uYXJ5oiIgXxAPTlNLZXllZEFyY2hpdmVy0SYnVHJvb3SAAQAIABEAGgAjAC0AMgA3AEAARgBNAFUAYABnAGoAbABuAHEAcwB1AHcAhACOAKcArAC0ApACkgKXAqICqwK5Ar0CxALNAtIC3wLiAvQC9wL8AAAAAAAAAgEAAAAAAAAAKAAAAAAAAAAAAAAAAAAAAv4=}}

@mastersthesis{Giro2013,
	Annote = {Color correction of images used to colorize point cloud},
	Author = {Luc Girod},
	Date-Added = {2014-07-06 00:01:46 +0000},
	Date-Modified = {2014-07-11 13:46:27 +0000},
	Month = {Septembre},
	Read = {1},
	School = {Ecole Nationale des Sciences G{\'e}ographiques (France)},
	Title = {{\'E}galisation radiom{\'e}trique de nuages de points 3D: Principes et Algorithmique},
	Type = {Stage de fin d'{\'e}tudes},
	Year = {2013},
	Bdsk-File-1 = {YnBsaXN0MDDUAQIDBAUGJCVYJHZlcnNpb25YJG9iamVjdHNZJGFyY2hpdmVyVCR0b3ASAAGGoKgHCBMUFRYaIVUkbnVsbNMJCgsMDxJXTlMua2V5c1pOUy5vYmplY3RzViRjbGFzc6INDoACgAOiEBGABIAFgAdccmVsYXRpdmVQYXRoWWFsaWFzRGF0YV8QFnJlZmVyZW5jZS9HaXJvMjAxMy5wZGbSFwsYGVdOUy5kYXRhTxEB2AAAAAAB2AACAAAMTWFjaW50b3NoIEhEAAAAAAAAAAAAAAAAAAAAzyiwqEgrAAAAH2FUDEdpcm8yMDEzLnBkZgAAAAAAAAAAAAAAAAAAAAAAAAAAAAAAAAAAAAAAAAAAAAAAAAAAAAAAAAAAAAAAAAAAAAA45L3PD4SwAAAAAAAAAAAAAQADAAAJIAAAAAAAAAAAAAAAAAAAAAlyZWZlcmVuY2UAABAACAAAzyiimAAAABEACAAAzw92oAAAAAEAHAAfYVQAEue3ABc+jwAXIMgACP25AAj9uAACZdkAAgBeTWFjaW50b3NoIEhEOlVzZXJzOgB0aW1sZW5lcnR6OgBEb2N1bWVudHM6AFVMQjoASU5GTzQgMjAxMy0yMDE0OgBtZW1vOgByZWZlcmVuY2U6AEdpcm8yMDEzLnBkZgAOABoADABHAGkAcgBvADIAMAAxADMALgBwAGQAZgAPABoADABNAGEAYwBpAG4AdABvAHMAaAAgAEgARAASAEpVc2Vycy90aW1sZW5lcnR6L0RvY3VtZW50cy9VTEIvSU5GTzQgMjAxMy0yMDE0L21lbW8vcmVmZXJlbmNlL0dpcm8yMDEzLnBkZgATAAEvAAAVAAIAEf//AACABtIbHB0eWiRjbGFzc25hbWVYJGNsYXNzZXNdTlNNdXRhYmxlRGF0YaMdHyBWTlNEYXRhWE5TT2JqZWN00hscIiNcTlNEaWN0aW9uYXJ5oiIgXxAPTlNLZXllZEFyY2hpdmVy0SYnVHJvb3SAAQAIABEAGgAjAC0AMgA3AEAARgBNAFUAYABnAGoAbABuAHEAcwB1AHcAhACOAKcArAC0ApACkgKXAqICqwK5Ar0CxALNAtIC3wLiAvQC9wL8AAAAAAAAAgEAAAAAAAAAKAAAAAAAAAAAAAAAAAAAAv4=}}

@article{Tour2009,
	Annote = {Registering point clouds using photographs},
	Author = {E. Tournas; M. Tsakiri},
	Date-Added = {2014-06-01 08:18:55 +0000},
	Date-Modified = {2014-07-15 02:06:48 +0000},
	Journal = {Laser scanning 2009, IAPRS},
	Month = {September},
	Pages = {189-194},
	Read = {1},
	Title = {Automatic 3D Point Cloud Registration for Cultural Heritage Documentation},
	Volume = {XXXVIII},
	Year = {2009},
	Bdsk-File-1 = {YnBsaXN0MDDUAQIDBAUGJCVYJHZlcnNpb25YJG9iamVjdHNZJGFyY2hpdmVyVCR0b3ASAAGGoKgHCBMUFRYaIVUkbnVsbNMJCgsMDxJXTlMua2V5c1pOUy5vYmplY3RzViRjbGFzc6INDoACgAOiEBGABIAFgAdccmVsYXRpdmVQYXRoWWFsaWFzRGF0YV8QFnJlZmVyZW5jZS9Ub3VyMjAwOS5wZGbSFwsYGVdOUy5kYXRhTxEB2AAAAAAB2AACAAAMTWFjaW50b3NoIEhEAAAAAAAAAAAAAAAAAAAAzyiwqEgrAAAAH2FUDFRvdXIyMDA5LnBkZgAAAAAAAAAAAAAAAAAAAAAAAAAAAAAAAAAAAAAAAAAAAAAAAAAAAAAAAAAAAAAAAAAAAAA+0fzPpXZ7AAAAAAAAAAAAAQADAAAJIAAAAAAAAAAAAAAAAAAAAAlyZWZlcmVuY2UAABAACAAAzyiimAAAABEACAAAz6VaWwAAAAEAHAAfYVQAEue3ABc+jwAXIMgACP25AAj9uAACZdkAAgBeTWFjaW50b3NoIEhEOlVzZXJzOgB0aW1sZW5lcnR6OgBEb2N1bWVudHM6AFVMQjoASU5GTzQgMjAxMy0yMDE0OgBtZW1vOgByZWZlcmVuY2U6AFRvdXIyMDA5LnBkZgAOABoADABUAG8AdQByADIAMAAwADkALgBwAGQAZgAPABoADABNAGEAYwBpAG4AdABvAHMAaAAgAEgARAASAEpVc2Vycy90aW1sZW5lcnR6L0RvY3VtZW50cy9VTEIvSU5GTzQgMjAxMy0yMDE0L21lbW8vcmVmZXJlbmNlL1RvdXIyMDA5LnBkZgATAAEvAAAVAAIAEf//AACABtIbHB0eWiRjbGFzc25hbWVYJGNsYXNzZXNdTlNNdXRhYmxlRGF0YaMdHyBWTlNEYXRhWE5TT2JqZWN00hscIiNcTlNEaWN0aW9uYXJ5oiIgXxAPTlNLZXllZEFyY2hpdmVy0SYnVHJvb3SAAQAIABEAGgAjAC0AMgA3AEAARgBNAFUAYABnAGoAbABuAHEAcwB1AHcAhACOAKcArAC0ApACkgKXAqICqwK5Ar0CxALNAtIC3wLiAvQC9wL8AAAAAAAAAgEAAAAAAAAAKAAAAAAAAAAAAAAAAAAAAv4=}}
