%% This BibTeX bibliography file was created using BibDesk.
%% http://bibdesk.sourceforge.net/


%% Created for Tim Lenertz at 2014-08-29 17:49:05 +0200 


%% Saved with string encoding Unicode (UTF-8) 



@article{Fuhr2011,
	Author = {Simon Fuhrmann and Michael Goesele},
	Date-Added = {2014-08-28 17:48:32 +0000},
	Date-Modified = {2014-08-29 14:49:08 +0000},
	Journal = {ACM Transactions on Graphics (TOG) - Proceedings of ACM},
	Month = {December},
	Number = {6},
	Read = {1},
	Title = {Fusion of Depth Maps with Multiple Scales},
	Volume = {30},
	Year = {2011},
	Bdsk-File-1 = {YnBsaXN0MDDUAQIDBAUGJCVYJHZlcnNpb25YJG9iamVjdHNZJGFyY2hpdmVyVCR0b3ASAAGGoKgHCBMUFRYaIVUkbnVsbNMJCgsMDxJXTlMua2V5c1pOUy5vYmplY3RzViRjbGFzc6INDoACgAOiEBGABIAFgAdccmVsYXRpdmVQYXRoWWFsaWFzRGF0YV1GdWhyMjAxMWEucGRm0hcLGBlXTlMuZGF0YU8RAd4AAAAAAd4AAgAADE1hY2ludG9zaCBIRAAAAAAAAAAAAAAAAAAAAM8osKhIKwAAAB9hVA1GdWhyMjAxMWEucGRmAAAAAAAAAAAAAAAAAAAAAAAAAAAAAAAAAAAAAAAAAAAAAAAAAAAAAAAAAAAAAAAAAAAAZMdl0CUkHgAAAAAAAAAAAAEAAgAACSAAAAAAAAAAAAAAAAAAAAAJcmVmZXJlbmNlAAAQAAgAAM8oopgAAAARAAgAANAlB/4AAAABABwAH2FUABLntwAXPo8AFyDIAAj9uQAI/bgAAmXZAAIAX01hY2ludG9zaCBIRDpVc2VyczoAdGltbGVuZXJ0ejoARG9jdW1lbnRzOgBVTEI6AElORk80IDIwMTMtMjAxNDoAbWVtbzoAcmVmZXJlbmNlOgBGdWhyMjAxMWEucGRmAAAOABwADQBGAHUAaAByADIAMAAxADEAYQAuAHAAZABmAA8AGgAMAE0AYQBjAGkAbgB0AG8AcwBoACAASABEABIAS1VzZXJzL3RpbWxlbmVydHovRG9jdW1lbnRzL1VMQi9JTkZPNCAyMDEzLTIwMTQvbWVtby9yZWZlcmVuY2UvRnVocjIwMTFhLnBkZgAAEwABLwAAFQACABH//wAAgAbSGxwdHlokY2xhc3NuYW1lWCRjbGFzc2VzXU5TTXV0YWJsZURhdGGjHR8gVk5TRGF0YVhOU09iamVjdNIbHCIjXE5TRGljdGlvbmFyeaIiIF8QD05TS2V5ZWRBcmNoaXZlctEmJ1Ryb290gAEACAARABoAIwAtADIANwBAAEYATQBVAGAAZwBqAGwAbgBxAHMAdQB3AIQAjgCcAKEAqQKLAo0CkgKdAqYCtAK4Ar8CyALNAtoC3QLvAvIC9wAAAAAAAAIBAAAAAAAAACgAAAAAAAAAAAAAAAAAAAL5}}

@article{Kyos2013,
	Author = {Tomi Ky{\"o}stil{\"a} and Daniel Herrera C. and Juho Kannala and Hanne Heikkil{\"a}},
	Date-Added = {2014-08-28 16:00:19 +0000},
	Date-Modified = {2014-08-28 16:04:01 +0000},
	Journal = {Image Analysis, 18th Scandinavian Conference, SCIA 2013},
	Pages = {567-578},
	Title = {Merging Overlapping Depth Maps into a Nonredundant Point Cloud},
	Volume = {7944},
	Year = {2013},
	Bdsk-File-1 = {YnBsaXN0MDDUAQIDBAUGJCVYJHZlcnNpb25YJG9iamVjdHNZJGFyY2hpdmVyVCR0b3ASAAGGoKgHCBMUFRYaIVUkbnVsbNMJCgsMDxJXTlMua2V5c1pOUy5vYmplY3RzViRjbGFzc6INDoACgAOiEBGABIAFgAdccmVsYXRpdmVQYXRoWWFsaWFzRGF0YV1LeW9zMjAxM2EucGRm0hcLGBlXTlMuZGF0YU8RAd4AAAAAAd4AAgAADE1hY2ludG9zaCBIRAAAAAAAAAAAAAAAAAAAAM8osKhIKwAAAB9hVA1LeW9zMjAxM2EucGRmAAAAAAAAAAAAAAAAAAAAAAAAAAAAAAAAAAAAAAAAAAAAAAAAAAAAAAAAAAAAAAAAAAAAZMOl0CUecgAAAAAAAAAAAAEAAgAACSAAAAAAAAAAAAAAAAAAAAAJcmVmZXJlbmNlAAAQAAgAAM8oopgAAAARAAgAANAlAlIAAAABABwAH2FUABLntwAXPo8AFyDIAAj9uQAI/bgAAmXZAAIAX01hY2ludG9zaCBIRDpVc2VyczoAdGltbGVuZXJ0ejoARG9jdW1lbnRzOgBVTEI6AElORk80IDIwMTMtMjAxNDoAbWVtbzoAcmVmZXJlbmNlOgBLeW9zMjAxM2EucGRmAAAOABwADQBLAHkAbwBzADIAMAAxADMAYQAuAHAAZABmAA8AGgAMAE0AYQBjAGkAbgB0AG8AcwBoACAASABEABIAS1VzZXJzL3RpbWxlbmVydHovRG9jdW1lbnRzL1VMQi9JTkZPNCAyMDEzLTIwMTQvbWVtby9yZWZlcmVuY2UvS3lvczIwMTNhLnBkZgAAEwABLwAAFQACABH//wAAgAbSGxwdHlokY2xhc3NuYW1lWCRjbGFzc2VzXU5TTXV0YWJsZURhdGGjHR8gVk5TRGF0YVhOU09iamVjdNIbHCIjXE5TRGljdGlvbmFyeaIiIF8QD05TS2V5ZWRBcmNoaXZlctEmJ1Ryb290gAEACAARABoAIwAtADIANwBAAEYATQBVAGAAZwBqAGwAbgBxAHMAdQB3AIQAjgCcAKEAqQKLAo0CkgKdAqYCtAK4Ar8CyALNAtoC3QLvAvIC9wAAAAAAAAIBAAAAAAAAACgAAAAAAAAAAAAAAAAAAAL5}}

@inproceedings{Koch2009,
	Author = {Marko Koch and Martin Kaehler},
	Booktitle = {Computer Applications to Archaeology 2009 Williamsburg, Virginia, USA.},
	Date-Added = {2014-08-25 13:52:51 +0000},
	Date-Modified = {2014-08-28 16:25:28 +0000},
	Month = {March},
	Rating = {0},
	Title = {Combining 3D Laser-Scanning and Close-Range Photogrammetry - An Approach to Exploit the Strength of Both Methods},
	Year = {2009},
	Bdsk-File-1 = {YnBsaXN0MDDUAQIDBAUGJCVYJHZlcnNpb25YJG9iamVjdHNZJGFyY2hpdmVyVCR0b3ASAAGGoKgHCBMUFRYaIVUkbnVsbNMJCgsMDxJXTlMua2V5c1pOUy5vYmplY3RzViRjbGFzc6INDoACgAOiEBGABIAFgAdccmVsYXRpdmVQYXRoWWFsaWFzRGF0YV1Lb2NoMjAwOWEucGRm0hcLGBlXTlMuZGF0YU8RAd4AAAAAAd4AAgAADE1hY2ludG9zaCBIRAAAAAAAAAAAAAAAAAAAAM8osKhIKwAAAB9hVA1Lb2NoMjAwOWEucGRmAAAAAAAAAAAAAAAAAAAAAAAAAAAAAAAAAAAAAAAAAAAAAAAAAAAAAAAAAAAAAAAAAAAAYwFI0CD/pgAAAAAAAAAAAAEAAgAACSAAAAAAAAAAAAAAAAAAAAAJcmVmZXJlbmNlAAAQAAgAAM8oopgAAAARAAgAANAg44YAAAABABwAH2FUABLntwAXPo8AFyDIAAj9uQAI/bgAAmXZAAIAX01hY2ludG9zaCBIRDpVc2VyczoAdGltbGVuZXJ0ejoARG9jdW1lbnRzOgBVTEI6AElORk80IDIwMTMtMjAxNDoAbWVtbzoAcmVmZXJlbmNlOgBLb2NoMjAwOWEucGRmAAAOABwADQBLAG8AYwBoADIAMAAwADkAYQAuAHAAZABmAA8AGgAMAE0AYQBjAGkAbgB0AG8AcwBoACAASABEABIAS1VzZXJzL3RpbWxlbmVydHovRG9jdW1lbnRzL1VMQi9JTkZPNCAyMDEzLTIwMTQvbWVtby9yZWZlcmVuY2UvS29jaDIwMDlhLnBkZgAAEwABLwAAFQACABH//wAAgAbSGxwdHlokY2xhc3NuYW1lWCRjbGFzc2VzXU5TTXV0YWJsZURhdGGjHR8gVk5TRGF0YVhOU09iamVjdNIbHCIjXE5TRGljdGlvbmFyeaIiIF8QD05TS2V5ZWRBcmNoaXZlctEmJ1Ryb290gAEACAARABoAIwAtADIANwBAAEYATQBVAGAAZwBqAGwAbgBxAHMAdQB3AIQAjgCcAKEAqQKLAo0CkgKdAqYCtAK4Ar8CyALNAtoC3QLvAvIC9wAAAAAAAAIBAAAAAAAAACgAAAAAAAAAAAAAAAAAAAL5}}

@inproceedings{Paul2004,
	Author = {Mark Pauly and Niloy J. Mitra and Leonidas J. Guibas},
	Booktitle = {Eurographics Symposium on Point-Based Graphics},
	Date-Added = {2014-08-25 13:51:31 +0000},
	Date-Modified = {2014-08-25 13:52:32 +0000},
	Editor = {Computer Graphics Laboratory, Stanford University},
	Title = {Uncertainty and Variability in Point Cloud Surface Data},
	Year = {2004},
	Bdsk-File-1 = {YnBsaXN0MDDUAQIDBAUGJCVYJHZlcnNpb25YJG9iamVjdHNZJGFyY2hpdmVyVCR0b3ASAAGGoKgHCBMUFRYaIVUkbnVsbNMJCgsMDxJXTlMua2V5c1pOUy5vYmplY3RzViRjbGFzc6INDoACgAOiEBGABIAFgAdccmVsYXRpdmVQYXRoWWFsaWFzRGF0YV1QYXVsMjAwNGEucGRm0hcLGBlXTlMuZGF0YU8RAd4AAAAAAd4AAgAADE1hY2ludG9zaCBIRAAAAAAAAAAAAAAAAAAAAM8osKhIKwAAAB9hVA1QYXVsMjAwNGEucGRmAAAAAAAAAAAAAAAAAAAAAAAAAAAAAAAAAAAAAAAAAAAAAAAAAAAAAAAAAAAAAAAAAAAAYwWP0CEIkAAAAAAAAAAAAAEAAgAACSAAAAAAAAAAAAAAAAAAAAAJcmVmZXJlbmNlAAAQAAgAAM8oopgAAAARAAgAANAg7HAAAAABABwAH2FUABLntwAXPo8AFyDIAAj9uQAI/bgAAmXZAAIAX01hY2ludG9zaCBIRDpVc2VyczoAdGltbGVuZXJ0ejoARG9jdW1lbnRzOgBVTEI6AElORk80IDIwMTMtMjAxNDoAbWVtbzoAcmVmZXJlbmNlOgBQYXVsMjAwNGEucGRmAAAOABwADQBQAGEAdQBsADIAMAAwADQAYQAuAHAAZABmAA8AGgAMAE0AYQBjAGkAbgB0AG8AcwBoACAASABEABIAS1VzZXJzL3RpbWxlbmVydHovRG9jdW1lbnRzL1VMQi9JTkZPNCAyMDEzLTIwMTQvbWVtby9yZWZlcmVuY2UvUGF1bDIwMDRhLnBkZgAAEwABLwAAFQACABH//wAAgAbSGxwdHlokY2xhc3NuYW1lWCRjbGFzc2VzXU5TTXV0YWJsZURhdGGjHR8gVk5TRGF0YVhOU09iamVjdNIbHCIjXE5TRGljdGlvbmFyeaIiIF8QD05TS2V5ZWRBcmNoaXZlctEmJ1Ryb290gAEACAARABoAIwAtADIANwBAAEYATQBVAGAAZwBqAGwAbgBxAHMAdQB3AIQAjgCcAKEAqQKLAo0CkgKdAqYCtAK4Ar8CyALNAtoC3QLvAvIC9wAAAAAAAAIBAAAAAAAAACgAAAAAAAAAAAAAAAAAAAL5}}

@inproceedings{Unni2008,
	Author = {Ranjith Unnikrishnan and Martial Hebert},
	Booktitle = {Workshop on Search in 3D (S3D), IEEE Conf. on Computer Vision and Pattern Recognition (CVPR)},
	Date-Added = {2014-08-25 12:37:16 +0000},
	Date-Modified = {2014-08-25 12:38:36 +0000},
	Month = {June},
	Title = {Multi-Scale Interest Regions from Unorganized Point Clouds},
	Year = {2008},
	Bdsk-File-1 = {YnBsaXN0MDDUAQIDBAUGJCVYJHZlcnNpb25YJG9iamVjdHNZJGFyY2hpdmVyVCR0b3ASAAGGoKgHCBMUFRYaIVUkbnVsbNMJCgsMDxJXTlMua2V5c1pOUy5vYmplY3RzViRjbGFzc6INDoACgAOiEBGABIAFgAdccmVsYXRpdmVQYXRoWWFsaWFzRGF0YV1Vbm5pMjAwOGEucGRm0hcLGBlXTlMuZGF0YU8RAd4AAAAAAd4AAgAADE1hY2ludG9zaCBIRAAAAAAAAAAAAAAAAAAAAM8osKhIKwAAAB9hVA1Vbm5pMjAwOGEucGRmAAAAAAAAAAAAAAAAAAAAAAAAAAAAAAAAAAAAAAAAAAAAAAAAAAAAAAAAAAAAAAAAAAAAYlQZ0B6zSgAAAAAAAAAAAAEAAgAACSAAAAAAAAAAAAAAAAAAAAAJcmVmZXJlbmNlAAAQAAgAAM8oopgAAAARAAgAANAelyoAAAABABwAH2FUABLntwAXPo8AFyDIAAj9uQAI/bgAAmXZAAIAX01hY2ludG9zaCBIRDpVc2VyczoAdGltbGVuZXJ0ejoARG9jdW1lbnRzOgBVTEI6AElORk80IDIwMTMtMjAxNDoAbWVtbzoAcmVmZXJlbmNlOgBVbm5pMjAwOGEucGRmAAAOABwADQBVAG4AbgBpADIAMAAwADgAYQAuAHAAZABmAA8AGgAMAE0AYQBjAGkAbgB0AG8AcwBoACAASABEABIAS1VzZXJzL3RpbWxlbmVydHovRG9jdW1lbnRzL1VMQi9JTkZPNCAyMDEzLTIwMTQvbWVtby9yZWZlcmVuY2UvVW5uaTIwMDhhLnBkZgAAEwABLwAAFQACABH//wAAgAbSGxwdHlokY2xhc3NuYW1lWCRjbGFzc2VzXU5TTXV0YWJsZURhdGGjHR8gVk5TRGF0YVhOU09iamVjdNIbHCIjXE5TRGljdGlvbmFyeaIiIF8QD05TS2V5ZWRBcmNoaXZlctEmJ1Ryb290gAEACAARABoAIwAtADIANwBAAEYATQBVAGAAZwBqAGwAbgBxAHMAdQB3AIQAjgCcAKEAqQKLAo0CkgKdAqYCtAK4Ar8CyALNAtoC3QLvAvIC9wAAAAAAAAIBAAAAAAAAACgAAAAAAAAAAAAAAAAAAAL5}}

@article{Nova2013,
	Author = {D. Nov{\'a}k and K. Schindler},
	Date-Added = {2014-08-25 12:34:42 +0000},
	Date-Modified = {2014-08-25 12:36:16 +0000},
	Journal = {ISPRS Annals of the Photogrammetry, Remote Sensing and Spatial Information Sciences},
	Month = {November},
	Number = {5},
	Pages = {211-216},
	Title = {Approximate registration of point clouds with large scale differences},
	Volume = {2},
	Year = {2013},
	Bdsk-File-1 = {YnBsaXN0MDDUAQIDBAUGJCVYJHZlcnNpb25YJG9iamVjdHNZJGFyY2hpdmVyVCR0b3ASAAGGoKgHCBMUFRYaIVUkbnVsbNMJCgsMDxJXTlMua2V5c1pOUy5vYmplY3RzViRjbGFzc6INDoACgAOiEBGABIAFgAdccmVsYXRpdmVQYXRoWWFsaWFzRGF0YV1Ob3ZhMjAxM2EucGRm0hcLGBlXTlMuZGF0YU8RAd4AAAAAAd4AAgAADE1hY2ludG9zaCBIRAAAAAAAAAAAAAAAAAAAAM8osKhIKwAAAB9hVA1Ob3ZhMjAxM2EucGRmAAAAAAAAAAAAAAAAAAAAAAAAAAAAAAAAAAAAAAAAAAAAAAAAAAAAAAAAAAAAAAAAAAAAYlaD0B64SwAAAAAAAAAAAAEAAgAACSAAAAAAAAAAAAAAAAAAAAAJcmVmZXJlbmNlAAAQAAgAAM8oopgAAAARAAgAANAenCsAAAABABwAH2FUABLntwAXPo8AFyDIAAj9uQAI/bgAAmXZAAIAX01hY2ludG9zaCBIRDpVc2VyczoAdGltbGVuZXJ0ejoARG9jdW1lbnRzOgBVTEI6AElORk80IDIwMTMtMjAxNDoAbWVtbzoAcmVmZXJlbmNlOgBOb3ZhMjAxM2EucGRmAAAOABwADQBOAG8AdgBhADIAMAAxADMAYQAuAHAAZABmAA8AGgAMAE0AYQBjAGkAbgB0AG8AcwBoACAASABEABIAS1VzZXJzL3RpbWxlbmVydHovRG9jdW1lbnRzL1VMQi9JTkZPNCAyMDEzLTIwMTQvbWVtby9yZWZlcmVuY2UvTm92YTIwMTNhLnBkZgAAEwABLwAAFQACABH//wAAgAbSGxwdHlokY2xhc3NuYW1lWCRjbGFzc2VzXU5TTXV0YWJsZURhdGGjHR8gVk5TRGF0YVhOU09iamVjdNIbHCIjXE5TRGljdGlvbmFyeaIiIF8QD05TS2V5ZWRBcmNoaXZlctEmJ1Ryb290gAEACAARABoAIwAtADIANwBAAEYATQBVAGAAZwBqAGwAbgBxAHMAdQB3AIQAjgCcAKEAqQKLAo0CkgKdAqYCtAK4Ar8CyALNAtoC3QLvAvIC9wAAAAAAAAIBAAAAAAAAACgAAAAAAAAAAAAAAAAAAAL5}}

@article{Magn2007,
	Author = {Martin Magnusson and Achim Lilienthal and Tom Duckett},
	Date-Added = {2014-08-25 12:32:36 +0000},
	Date-Modified = {2014-08-25 12:33:39 +0000},
	Journal = {Journal of Field Robotics},
	Number = {10},
	Pages = {804-827},
	Title = {Scan Registration for Autonomous Mining Vehicles Using 3D-NDT},
	Volume = {24},
	Year = {2007},
	Bdsk-File-1 = {YnBsaXN0MDDUAQIDBAUGJCVYJHZlcnNpb25YJG9iamVjdHNZJGFyY2hpdmVyVCR0b3ASAAGGoKgHCBMUFRYaIVUkbnVsbNMJCgsMDxJXTlMua2V5c1pOUy5vYmplY3RzViRjbGFzc6INDoACgAOiEBGABIAFgAdccmVsYXRpdmVQYXRoWWFsaWFzRGF0YV1NYWduMjAwN2EucGRm0hcLGBlXTlMuZGF0YU8RAd4AAAAAAd4AAgAADE1hY2ludG9zaCBIRAAAAAAAAAAAAAAAAAAAAM8osKhIKwAAAB9hVA1NYWduMjAwN2EucGRmAAAAAAAAAAAAAAAAAAAAAAAAAAAAAAAAAAAAAAAAAAAAAAAAAAAAAAAAAAAAAAAAAAAAYvpw0CD2lQAAAAAAAAAAAAEAAgAACSAAAAAAAAAAAAAAAAAAAAAJcmVmZXJlbmNlAAAQAAgAAM8oopgAAAARAAgAANAg2nUAAAABABwAH2FUABLntwAXPo8AFyDIAAj9uQAI/bgAAmXZAAIAX01hY2ludG9zaCBIRDpVc2VyczoAdGltbGVuZXJ0ejoARG9jdW1lbnRzOgBVTEI6AElORk80IDIwMTMtMjAxNDoAbWVtbzoAcmVmZXJlbmNlOgBNYWduMjAwN2EucGRmAAAOABwADQBNAGEAZwBuADIAMAAwADcAYQAuAHAAZABmAA8AGgAMAE0AYQBjAGkAbgB0AG8AcwBoACAASABEABIAS1VzZXJzL3RpbWxlbmVydHovRG9jdW1lbnRzL1VMQi9JTkZPNCAyMDEzLTIwMTQvbWVtby9yZWZlcmVuY2UvTWFnbjIwMDdhLnBkZgAAEwABLwAAFQACABH//wAAgAbSGxwdHlokY2xhc3NuYW1lWCRjbGFzc2VzXU5TTXV0YWJsZURhdGGjHR8gVk5TRGF0YVhOU09iamVjdNIbHCIjXE5TRGljdGlvbmFyeaIiIF8QD05TS2V5ZWRBcmNoaXZlctEmJ1Ryb290gAEACAARABoAIwAtADIANwBAAEYATQBVAGAAZwBqAGwAbgBxAHMAdQB3AIQAjgCcAKEAqQKLAo0CkgKdAqYCtAK4Ar8CyALNAtoC3QLvAvIC9wAAAAAAAAIBAAAAAAAAACgAAAAAAAAAAAAAAAAAAAL5}}

@article{Huhl2008,
	Author = {Benjamin Huhle and Martin Magnusson and Wolfgang Stra{\ss}er and Achim J. Lilienthal},
	Date-Added = {2014-08-25 12:30:06 +0000},
	Date-Modified = {2014-08-25 12:32:00 +0000},
	Journal = {Robotics and Automation, 2008. ICRA 2008. IEEE International Conference on},
	Month = {May},
	Pages = {4025-4030},
	Title = {Registration of Colored 3D Point Clouds with a Kernel-based Extension to the Normal Distributions Transform},
	Year = {2008},
	Bdsk-File-1 = {YnBsaXN0MDDUAQIDBAUGJCVYJHZlcnNpb25YJG9iamVjdHNZJGFyY2hpdmVyVCR0b3ASAAGGoKgHCBMUFRYaIVUkbnVsbNMJCgsMDxJXTlMua2V5c1pOUy5vYmplY3RzViRjbGFzc6INDoACgAOiEBGABIAFgAdccmVsYXRpdmVQYXRoWWFsaWFzRGF0YV1IdWhsMjAwOGEucGRm0hcLGBlXTlMuZGF0YU8RAd4AAAAAAd4AAgAADE1hY2ludG9zaCBIRAAAAAAAAAAAAAAAAAAAAM8osKhIKwAAAB9hVA1IdWhsMjAwOGEucGRmAAAAAAAAAAAAAAAAAAAAAAAAAAAAAAAAAAAAAAAAAAAAAAAAAAAAAAAAAAAAAAAAAAAAYla10B64jQAAAAAAAAAAAAEAAgAACSAAAAAAAAAAAAAAAAAAAAAJcmVmZXJlbmNlAAAQAAgAAM8oopgAAAARAAgAANAenG0AAAABABwAH2FUABLntwAXPo8AFyDIAAj9uQAI/bgAAmXZAAIAX01hY2ludG9zaCBIRDpVc2VyczoAdGltbGVuZXJ0ejoARG9jdW1lbnRzOgBVTEI6AElORk80IDIwMTMtMjAxNDoAbWVtbzoAcmVmZXJlbmNlOgBIdWhsMjAwOGEucGRmAAAOABwADQBIAHUAaABsADIAMAAwADgAYQAuAHAAZABmAA8AGgAMAE0AYQBjAGkAbgB0AG8AcwBoACAASABEABIAS1VzZXJzL3RpbWxlbmVydHovRG9jdW1lbnRzL1VMQi9JTkZPNCAyMDEzLTIwMTQvbWVtby9yZWZlcmVuY2UvSHVobDIwMDhhLnBkZgAAEwABLwAAFQACABH//wAAgAbSGxwdHlokY2xhc3NuYW1lWCRjbGFzc2VzXU5TTXV0YWJsZURhdGGjHR8gVk5TRGF0YVhOU09iamVjdNIbHCIjXE5TRGljdGlvbmFyeaIiIF8QD05TS2V5ZWRBcmNoaXZlctEmJ1Ryb290gAEACAARABoAIwAtADIANwBAAEYATQBVAGAAZwBqAGwAbgBxAHMAdQB3AIQAjgCcAKEAqQKLAo0CkgKdAqYCtAK4Ar8CyALNAtoC3QLvAvIC9wAAAAAAAAIBAAAAAAAAACgAAAAAAAAAAAAAAAAAAAL5}}

@proceedings{Viei2013,
	Author = {Antonio Wilson Vieira and Mario Fernando M. Campos},
	Date-Added = {2014-08-25 12:27:01 +0000},
	Date-Modified = {2014-08-25 12:28:56 +0000},
	Organization = {Universidade Federal de Minas Gerais},
	Title = {Spatial Density Patterns as Representation for Point Cloud Comparison and Applications},
	Year = {2013},
	Bdsk-File-1 = {YnBsaXN0MDDUAQIDBAUGJCVYJHZlcnNpb25YJG9iamVjdHNZJGFyY2hpdmVyVCR0b3ASAAGGoKgHCBMUFRYaIVUkbnVsbNMJCgsMDxJXTlMua2V5c1pOUy5vYmplY3RzViRjbGFzc6INDoACgAOiEBGABIAFgAdccmVsYXRpdmVQYXRoWWFsaWFzRGF0YV1WaWVpMjAxM2EucGRm0hcLGBlXTlMuZGF0YU8RAd4AAAAAAd4AAgAADE1hY2ludG9zaCBIRAAAAAAAAAAAAAAAAAAAAM8osKhIKwAAAB9hVA1WaWVpMjAxM2EucGRmAAAAAAAAAAAAAAAAAAAAAAAAAAAAAAAAAAAAAAAAAAAAAAAAAAAAAAAAAAAAAAAAAAAAYlcG0B65LQAAAAAAAAAAAAEAAgAACSAAAAAAAAAAAAAAAAAAAAAJcmVmZXJlbmNlAAAQAAgAAM8oopgAAAARAAgAANAenQ0AAAABABwAH2FUABLntwAXPo8AFyDIAAj9uQAI/bgAAmXZAAIAX01hY2ludG9zaCBIRDpVc2VyczoAdGltbGVuZXJ0ejoARG9jdW1lbnRzOgBVTEI6AElORk80IDIwMTMtMjAxNDoAbWVtbzoAcmVmZXJlbmNlOgBWaWVpMjAxM2EucGRmAAAOABwADQBWAGkAZQBpADIAMAAxADMAYQAuAHAAZABmAA8AGgAMAE0AYQBjAGkAbgB0AG8AcwBoACAASABEABIAS1VzZXJzL3RpbWxlbmVydHovRG9jdW1lbnRzL1VMQi9JTkZPNCAyMDEzLTIwMTQvbWVtby9yZWZlcmVuY2UvVmllaTIwMTNhLnBkZgAAEwABLwAAFQACABH//wAAgAbSGxwdHlokY2xhc3NuYW1lWCRjbGFzc2VzXU5TTXV0YWJsZURhdGGjHR8gVk5TRGF0YVhOU09iamVjdNIbHCIjXE5TRGljdGlvbmFyeaIiIF8QD05TS2V5ZWRBcmNoaXZlctEmJ1Ryb290gAEACAARABoAIwAtADIANwBAAEYATQBVAGAAZwBqAGwAbgBxAHMAdQB3AIQAjgCcAKEAqQKLAo0CkgKdAqYCtAK4Ar8CyALNAtoC3QLvAvIC9wAAAAAAAAIBAAAAAAAAACgAAAAAAAAAAAAAAAAAAAL5}}

@article{Thei2013,
	Author = {P.W. Theiler and J.D. Wegner and K. Schindler},
	Date-Added = {2014-08-23 17:21:42 +0000},
	Date-Modified = {2014-08-23 17:23:25 +0000},
	Journal = {ISPRS Annals of the Photogrammetry, Remote Sensing and Special Information Sciences},
	Month = {November},
	Number = {5},
	Pages = {283-288},
	Title = {Markerless point cloud registration with keypoint-based 4-points congruent sets},
	Volume = {2},
	Year = {2013},
	Bdsk-File-1 = {YnBsaXN0MDDUAQIDBAUGJCVYJHZlcnNpb25YJG9iamVjdHNZJGFyY2hpdmVyVCR0b3ASAAGGoKgHCBMUFRYaIVUkbnVsbNMJCgsMDxJXTlMua2V5c1pOUy5vYmplY3RzViRjbGFzc6INDoACgAOiEBGABIAFgAdccmVsYXRpdmVQYXRoWWFsaWFzRGF0YV1UaGVpMjAxM2EucGRm0hcLGBlXTlMuZGF0YU8RAd4AAAAAAd4AAgAADE1hY2ludG9zaCBIRAAAAAAAAAAAAAAAAAAAAM8osKhIKwAAAB9hVA1UaGVpMjAxM2EucGRmAAAAAAAAAAAAAAAAAAAAAAAAAAAAAAAAAAAAAAAAAAAAAAAAAAAAAAAAAAAAAAAAAAAAYkhz0B6YbwAAAAAAAAAAAAEAAgAACSAAAAAAAAAAAAAAAAAAAAAJcmVmZXJlbmNlAAAQAAgAAM8oopgAAAARAAgAANAefE8AAAABABwAH2FUABLntwAXPo8AFyDIAAj9uQAI/bgAAmXZAAIAX01hY2ludG9zaCBIRDpVc2VyczoAdGltbGVuZXJ0ejoARG9jdW1lbnRzOgBVTEI6AElORk80IDIwMTMtMjAxNDoAbWVtbzoAcmVmZXJlbmNlOgBUaGVpMjAxM2EucGRmAAAOABwADQBUAGgAZQBpADIAMAAxADMAYQAuAHAAZABmAA8AGgAMAE0AYQBjAGkAbgB0AG8AcwBoACAASABEABIAS1VzZXJzL3RpbWxlbmVydHovRG9jdW1lbnRzL1VMQi9JTkZPNCAyMDEzLTIwMTQvbWVtby9yZWZlcmVuY2UvVGhlaTIwMTNhLnBkZgAAEwABLwAAFQACABH//wAAgAbSGxwdHlokY2xhc3NuYW1lWCRjbGFzc2VzXU5TTXV0YWJsZURhdGGjHR8gVk5TRGF0YVhOU09iamVjdNIbHCIjXE5TRGljdGlvbmFyeaIiIF8QD05TS2V5ZWRBcmNoaXZlctEmJ1Ryb290gAEACAARABoAIwAtADIANwBAAEYATQBVAGAAZwBqAGwAbgBxAHMAdQB3AIQAjgCcAKEAqQKLAo0CkgKdAqYCtAK4Ar8CyALNAtoC3QLvAvIC9wAAAAAAAAIBAAAAAAAAACgAAAAAAAAAAAAAAAAAAAL5}}

@webpage{Web2,
	Author = {Wikipedia},
	Date-Added = {2014-08-18 07:15:14 +0000},
	Date-Modified = {2014-08-18 07:28:11 +0000},
	Howpublished = {\url{http://fr.wikipedia.org/wiki/Scanner_tridimensionnel}},
	Lastchecked = {12 August 2014},
	Title = {Article Wikipedia - Scanner tridimensionnel},
	Url = {http://fr.wikipedia.org/wiki/Scanner_tridimensionnel},
	Urldate = {17 August 2014},
	Year = {2014},
	Bdsk-Url-1 = {http://fr.wikipedia.org/wiki/Scanner_tridimensionnel}}

@phdthesis{Wend2008,
	Author = {Axel Wendt},
	Date-Added = {2014-08-17 18:01:35 +0000},
	Date-Modified = {2014-08-17 18:03:11 +0000},
	School = {Universit{\"a}t Hannover},
	Title = {Objektraumbasierte simultane multisensorale Orientierung},
	Year = {2008},
	Bdsk-File-1 = {YnBsaXN0MDDUAQIDBAUGJCVYJHZlcnNpb25YJG9iamVjdHNZJGFyY2hpdmVyVCR0b3ASAAGGoKgHCBMUFRYaIVUkbnVsbNMJCgsMDxJXTlMua2V5c1pOUy5vYmplY3RzViRjbGFzc6INDoACgAOiEBGABIAFgAdccmVsYXRpdmVQYXRoWWFsaWFzRGF0YV1XZW5kMjAwOGEucGRm0hcLGBlXTlMuZGF0YU8RAd4AAAAAAd4AAgAADE1hY2ludG9zaCBIRAAAAAAAAAAAAAAAAAAAAM8osKhIKwAAAB9hVA1XZW5kMjAwOGEucGRmAAAAAAAAAAAAAAAAAAAAAAAAAAAAAAAAAAAAAAAAAAAAAAAAAAAAAAAAAAAAAAAAAAAAWg+e0Ba6mgAAAAAAAAAAAAEAAgAACSAAAAAAAAAAAAAAAAAAAAAJcmVmZXJlbmNlAAAQAAgAAM8oopgAAAARAAgAANAWnnoAAAABABwAH2FUABLntwAXPo8AFyDIAAj9uQAI/bgAAmXZAAIAX01hY2ludG9zaCBIRDpVc2VyczoAdGltbGVuZXJ0ejoARG9jdW1lbnRzOgBVTEI6AElORk80IDIwMTMtMjAxNDoAbWVtbzoAcmVmZXJlbmNlOgBXZW5kMjAwOGEucGRmAAAOABwADQBXAGUAbgBkADIAMAAwADgAYQAuAHAAZABmAA8AGgAMAE0AYQBjAGkAbgB0AG8AcwBoACAASABEABIAS1VzZXJzL3RpbWxlbmVydHovRG9jdW1lbnRzL1VMQi9JTkZPNCAyMDEzLTIwMTQvbWVtby9yZWZlcmVuY2UvV2VuZDIwMDhhLnBkZgAAEwABLwAAFQACABH//wAAgAbSGxwdHlokY2xhc3NuYW1lWCRjbGFzc2VzXU5TTXV0YWJsZURhdGGjHR8gVk5TRGF0YVhOU09iamVjdNIbHCIjXE5TRGljdGlvbmFyeaIiIF8QD05TS2V5ZWRBcmNoaXZlctEmJ1Ryb290gAEACAARABoAIwAtADIANwBAAEYATQBVAGAAZwBqAGwAbgBxAHMAdQB3AIQAjgCcAKEAqQKLAo0CkgKdAqYCtAK4Ar8CyALNAtoC3QLvAvIC9wAAAAAAAAIBAAAAAAAAACgAAAAAAAAAAAAAAAAAAAL5}}

@article{Koch2008,
	Author = {K. R. Koch},
	Date-Added = {2014-08-17 17:54:36 +0000},
	Date-Modified = {2014-08-17 17:55:56 +0000},
	Journal = {Allgemeine Vermessungs-Nachrichten},
	Month = {August},
	Pages = {134-140},
	Title = {Fitting Free-Form Surfaces to Laserscan Data by NURBS},
	Volume = {4},
	Year = {2008},
	Bdsk-File-1 = {YnBsaXN0MDDUAQIDBAUGJCVYJHZlcnNpb25YJG9iamVjdHNZJGFyY2hpdmVyVCR0b3ASAAGGoKgHCBMUFRYaIVUkbnVsbNMJCgsMDxJXTlMua2V5c1pOUy5vYmplY3RzViRjbGFzc6INDoACgAOiEBGABIAFgAdccmVsYXRpdmVQYXRoWWFsaWFzRGF0YV1Lb2NoMjAwOGEucGRm0hcLGBlXTlMuZGF0YU8RAd4AAAAAAd4AAgAADE1hY2ludG9zaCBIRAAAAAAAAAAAAAAAAAAAAM8osKhIKwAAAB9hVA1Lb2NoMjAwOGEucGRmAAAAAAAAAAAAAAAAAAAAAAAAAAAAAAAAAAAAAAAAAAAAAAAAAAAAAAAAAAAAAAAAAAAAWg5+0Ba49wAAAAAAAAAAAAEAAgAACSAAAAAAAAAAAAAAAAAAAAAJcmVmZXJlbmNlAAAQAAgAAM8oopgAAAARAAgAANAWnNcAAAABABwAH2FUABLntwAXPo8AFyDIAAj9uQAI/bgAAmXZAAIAX01hY2ludG9zaCBIRDpVc2VyczoAdGltbGVuZXJ0ejoARG9jdW1lbnRzOgBVTEI6AElORk80IDIwMTMtMjAxNDoAbWVtbzoAcmVmZXJlbmNlOgBLb2NoMjAwOGEucGRmAAAOABwADQBLAG8AYwBoADIAMAAwADgAYQAuAHAAZABmAA8AGgAMAE0AYQBjAGkAbgB0AG8AcwBoACAASABEABIAS1VzZXJzL3RpbWxlbmVydHovRG9jdW1lbnRzL1VMQi9JTkZPNCAyMDEzLTIwMTQvbWVtby9yZWZlcmVuY2UvS29jaDIwMDhhLnBkZgAAEwABLwAAFQACABH//wAAgAbSGxwdHlokY2xhc3NuYW1lWCRjbGFzc2VzXU5TTXV0YWJsZURhdGGjHR8gVk5TRGF0YVhOU09iamVjdNIbHCIjXE5TRGljdGlvbmFyeaIiIF8QD05TS2V5ZWRBcmNoaXZlctEmJ1Ryb290gAEACAARABoAIwAtADIANwBAAEYATQBVAGAAZwBqAGwAbgBxAHMAdQB3AIQAjgCcAKEAqQKLAo0CkgKdAqYCtAK4Ar8CyALNAtoC3QLvAvIC9wAAAAAAAAIBAAAAAAAAACgAAAAAAAAAAAAAAAAAAAL5}}

@book{Truc1998,
	Author = {Emanuele Trucco and Alessandro Verri},
	Date-Added = {2014-08-16 11:32:26 +0000},
	Date-Modified = {2014-08-16 11:33:50 +0000},
	Month = {March},
	Publisher = {Prentice Hall},
	Title = {Introductory Techniques for 3-D Computer Vision},
	Year = {1998},
	Bdsk-File-1 = {YnBsaXN0MDDUAQIDBAUGJCVYJHZlcnNpb25YJG9iamVjdHNZJGFyY2hpdmVyVCR0b3ASAAGGoKgHCBMUFRYaIVUkbnVsbNMJCgsMDxJXTlMua2V5c1pOUy5vYmplY3RzViRjbGFzc6INDoACgAOiEBGABIAFgAdccmVsYXRpdmVQYXRoWWFsaWFzRGF0YV1UcnVjMTk5OGEucGRm0hcLGBlXTlMuZGF0YU8RAd4AAAAAAd4AAgAADE1hY2ludG9zaCBIRAAAAAAAAAAAAAAAAAAAAM8osKhIKwAAAB9hVA1UcnVjMTk5OGEucGRmAAAAAAAAAAAAAAAAAAAAAAAAAAAAAAAAAAAAAAAAAAAAAAAAAAAAAAAAAAAAAAAAAAAAWW9W0BUN5gAAAAAAAAAAAAEAAgAACSAAAAAAAAAAAAAAAAAAAAAJcmVmZXJlbmNlAAAQAAgAAM8oopgAAAARAAgAANAU8cYAAAABABwAH2FUABLntwAXPo8AFyDIAAj9uQAI/bgAAmXZAAIAX01hY2ludG9zaCBIRDpVc2VyczoAdGltbGVuZXJ0ejoARG9jdW1lbnRzOgBVTEI6AElORk80IDIwMTMtMjAxNDoAbWVtbzoAcmVmZXJlbmNlOgBUcnVjMTk5OGEucGRmAAAOABwADQBUAHIAdQBjADEAOQA5ADgAYQAuAHAAZABmAA8AGgAMAE0AYQBjAGkAbgB0AG8AcwBoACAASABEABIAS1VzZXJzL3RpbWxlbmVydHovRG9jdW1lbnRzL1VMQi9JTkZPNCAyMDEzLTIwMTQvbWVtby9yZWZlcmVuY2UvVHJ1YzE5OThhLnBkZgAAEwABLwAAFQACABH//wAAgAbSGxwdHlokY2xhc3NuYW1lWCRjbGFzc2VzXU5TTXV0YWJsZURhdGGjHR8gVk5TRGF0YVhOU09iamVjdNIbHCIjXE5TRGljdGlvbmFyeaIiIF8QD05TS2V5ZWRBcmNoaXZlctEmJ1Ryb290gAEACAARABoAIwAtADIANwBAAEYATQBVAGAAZwBqAGwAbgBxAHMAdQB3AIQAjgCcAKEAqQKLAo0CkgKdAqYCtAK4Ar8CyALNAtoC3QLvAvIC9wAAAAAAAAIBAAAAAAAAACgAAAAAAAAAAAAAAAAAAAL5}}

@techreport{Fisc1980,
	Address = {Menlo Park, California},
	Annote = {RANSAC original paper},
	Author = {Martin A Fischler and Robert C Bolles},
	Date-Added = {2014-08-14 10:38:31 +0000},
	Date-Modified = {2014-08-16 10:19:29 +0000},
	Institution = {Artificial Intelligence Center, SRI International},
	Month = {March},
	Read = {1},
	Title = {Random Sample Consensus: A paradigm for model fitting with applications to image analysis and automated cartography},
	Year = {1980},
	Bdsk-File-1 = {YnBsaXN0MDDUAQIDBAUGJCVYJHZlcnNpb25YJG9iamVjdHNZJGFyY2hpdmVyVCR0b3ASAAGGoKgHCBMUFRYaIVUkbnVsbNMJCgsMDxJXTlMua2V5c1pOUy5vYmplY3RzViRjbGFzc6INDoACgAOiEBGABIAFgAdccmVsYXRpdmVQYXRoWWFsaWFzRGF0YV1GaXNjMTk4MGEucGRm0hcLGBlXTlMuZGF0YU8RAd4AAAAAAd4AAgAADE1hY2ludG9zaCBIRAAAAAAAAAAAAAAAAAAAAM8osKhIKwAAAB9hVA1GaXNjMTk4MGEucGRmAAAAAAAAAAAAAAAAAAAAAAAAAAAAAAAAAAAAAAAAAAAAAAAAAAAAAAAAAAAAAAAAAAAAWGh80BJeQwAAAAAAAAAAAAEAAgAACSAAAAAAAAAAAAAAAAAAAAAJcmVmZXJlbmNlAAAQAAgAAM8oopgAAAARAAgAANASQiMAAAABABwAH2FUABLntwAXPo8AFyDIAAj9uQAI/bgAAmXZAAIAX01hY2ludG9zaCBIRDpVc2VyczoAdGltbGVuZXJ0ejoARG9jdW1lbnRzOgBVTEI6AElORk80IDIwMTMtMjAxNDoAbWVtbzoAcmVmZXJlbmNlOgBGaXNjMTk4MGEucGRmAAAOABwADQBGAGkAcwBjADEAOQA4ADAAYQAuAHAAZABmAA8AGgAMAE0AYQBjAGkAbgB0AG8AcwBoACAASABEABIAS1VzZXJzL3RpbWxlbmVydHovRG9jdW1lbnRzL1VMQi9JTkZPNCAyMDEzLTIwMTQvbWVtby9yZWZlcmVuY2UvRmlzYzE5ODBhLnBkZgAAEwABLwAAFQACABH//wAAgAbSGxwdHlokY2xhc3NuYW1lWCRjbGFzc2VzXU5TTXV0YWJsZURhdGGjHR8gVk5TRGF0YVhOU09iamVjdNIbHCIjXE5TRGljdGlvbmFyeaIiIF8QD05TS2V5ZWRBcmNoaXZlctEmJ1Ryb290gAEACAARABoAIwAtADIANwBAAEYATQBVAGAAZwBqAGwAbgBxAHMAdQB3AIQAjgCcAKEAqQKLAo0CkgKdAqYCtAK4Ar8CyALNAtoC3QLvAvIC9wAAAAAAAAIBAAAAAAAAACgAAAAAAAAAAAAAAAAAAAL5}}

@article{Sega2009,
	Annote = {Generalized-ICP},
	Author = {Aleksandr V. Segal and Dirk Haehnel and Sebastian Thrun},
	Date-Added = {2014-08-13 13:08:38 +0000},
	Date-Modified = {2014-08-24 17:19:35 +0000},
	Journal = {Proceedings of Robotics: Science and Systems},
	Read = {1},
	Title = {Generalized-ICP},
	Year = {2009},
	Bdsk-File-1 = {YnBsaXN0MDDUAQIDBAUGJCVYJHZlcnNpb25YJG9iamVjdHNZJGFyY2hpdmVyVCR0b3ASAAGGoKgHCBMUFRYaIVUkbnVsbNMJCgsMDxJXTlMua2V5c1pOUy5vYmplY3RzViRjbGFzc6INDoACgAOiEBGABIAFgAdccmVsYXRpdmVQYXRoWWFsaWFzRGF0YV1TZWdhMjAwOWEucGRm0hcLGBlXTlMuZGF0YU8RAd4AAAAAAd4AAgAADE1hY2ludG9zaCBIRAAAAAAAAAAAAAAAAAAAAM8osKhIKwAAAB9hVA1TZWdhMjAwOWEucGRmAAAAAAAAAAAAAAAAAAAAAAAAAAAAAAAAAAAAAAAAAAAAAAAAAAAAAAAAAAAAAAAAAAAAWCgM0BEv9AAAAAAAAAAAAAEAAgAACSAAAAAAAAAAAAAAAAAAAAAJcmVmZXJlbmNlAAAQAAgAAM8oopgAAAARAAgAANARE9QAAAABABwAH2FUABLntwAXPo8AFyDIAAj9uQAI/bgAAmXZAAIAX01hY2ludG9zaCBIRDpVc2VyczoAdGltbGVuZXJ0ejoARG9jdW1lbnRzOgBVTEI6AElORk80IDIwMTMtMjAxNDoAbWVtbzoAcmVmZXJlbmNlOgBTZWdhMjAwOWEucGRmAAAOABwADQBTAGUAZwBhADIAMAAwADkAYQAuAHAAZABmAA8AGgAMAE0AYQBjAGkAbgB0AG8AcwBoACAASABEABIAS1VzZXJzL3RpbWxlbmVydHovRG9jdW1lbnRzL1VMQi9JTkZPNCAyMDEzLTIwMTQvbWVtby9yZWZlcmVuY2UvU2VnYTIwMDlhLnBkZgAAEwABLwAAFQACABH//wAAgAbSGxwdHlokY2xhc3NuYW1lWCRjbGFzc2VzXU5TTXV0YWJsZURhdGGjHR8gVk5TRGF0YVhOU09iamVjdNIbHCIjXE5TRGljdGlvbmFyeaIiIF8QD05TS2V5ZWRBcmNoaXZlctEmJ1Ryb290gAEACAARABoAIwAtADIANwBAAEYATQBVAGAAZwBqAGwAbgBxAHMAdQB3AIQAjgCcAKEAqQKLAo0CkgKdAqYCtAK4Ar8CyALNAtoC3QLvAvIC9wAAAAAAAAIBAAAAAAAAACgAAAAAAAAAAAAAAAAAAAL5}}

@techreport{Low2004,
	Author = {Kok-Lim Low},
	Date-Added = {2014-08-13 11:30:13 +0000},
	Date-Modified = {2014-08-13 11:31:06 +0000},
	Institution = {Department of Computer Science; University of North Carolina at Chapel Hill},
	Month = {February},
	Title = {Linear Least-Squares Optimization for Point-to-Plane ICP Surface Registration},
	Year = {2004},
	Bdsk-File-1 = {YnBsaXN0MDDUAQIDBAUGJCVYJHZlcnNpb25YJG9iamVjdHNZJGFyY2hpdmVyVCR0b3ASAAGGoKgHCBMUFRYaIVUkbnVsbNMJCgsMDxJXTlMua2V5c1pOUy5vYmplY3RzViRjbGFzc6INDoACgAOiEBGABIAFgAdccmVsYXRpdmVQYXRoWWFsaWFzRGF0YVxMb3cyMDA0YS5wZGbSFwsYGVdOUy5kYXRhTxEB2AAAAAAB2AACAAAMTWFjaW50b3NoIEhEAAAAAAAAAAAAAAAAAAAAzyiwqEgrAAAAH2FUDExvdzIwMDRhLnBkZgAAAAAAAAAAAAAAAAAAAAAAAAAAAAAAAAAAAAAAAAAAAAAAAAAAAAAAAAAAAAAAAAAAAABYIYnQERjYAAAAAAAAAAAAAQACAAAJIAAAAAAAAAAAAAAAAAAAAAlyZWZlcmVuY2UAABAACAAAzyiimAAAABEACAAA0BD8uAAAAAEAHAAfYVQAEue3ABc+jwAXIMgACP25AAj9uAACZdkAAgBeTWFjaW50b3NoIEhEOlVzZXJzOgB0aW1sZW5lcnR6OgBEb2N1bWVudHM6AFVMQjoASU5GTzQgMjAxMy0yMDE0OgBtZW1vOgByZWZlcmVuY2U6AExvdzIwMDRhLnBkZgAOABoADABMAG8AdwAyADAAMAA0AGEALgBwAGQAZgAPABoADABNAGEAYwBpAG4AdABvAHMAaAAgAEgARAASAEpVc2Vycy90aW1sZW5lcnR6L0RvY3VtZW50cy9VTEIvSU5GTzQgMjAxMy0yMDE0L21lbW8vcmVmZXJlbmNlL0xvdzIwMDRhLnBkZgATAAEvAAAVAAIAEf//AACABtIbHB0eWiRjbGFzc25hbWVYJGNsYXNzZXNdTlNNdXRhYmxlRGF0YaMdHyBWTlNEYXRhWE5TT2JqZWN00hscIiNcTlNEaWN0aW9uYXJ5oiIgXxAPTlNLZXllZEFyY2hpdmVy0SYnVHJvb3SAAQAIABEAGgAjAC0AMgA3AEAARgBNAFUAYABnAGoAbABuAHEAcwB1AHcAhACOAJsAoACoAoQChgKLApYCnwKtArECuALBAsYC0wLWAugC6wLwAAAAAAAAAgEAAAAAAAAAKAAAAAAAAAAAAAAAAAAAAvI=}}

@article{Scho1966,
	Author = {Peter H Sch{\"o}nemann},
	Date-Added = {2014-08-12 17:18:50 +0000},
	Date-Modified = {2014-08-12 18:09:22 +0000},
	Journal = {Phychometrika},
	Month = {March},
	Number = {1},
	Pages = {1-10},
	Read = {0},
	Title = {A generalized solution of the orthogonal procrustes problem},
	Volume = {31},
	Year = {1966},
	Bdsk-File-1 = {YnBsaXN0MDDUAQIDBAUGJCVYJHZlcnNpb25YJG9iamVjdHNZJGFyY2hpdmVyVCR0b3ASAAGGoKgHCBMUFRYaIVUkbnVsbNMJCgsMDxJXTlMua2V5c1pOUy5vYmplY3RzViRjbGFzc6INDoACgAOiEBGABIAFgAdccmVsYXRpdmVQYXRoWWFsaWFzRGF0YV1TY2hvMTk2NmEucGRm0hcLGBlXTlMuZGF0YU8RAd4AAAAAAd4AAgAADE1hY2ludG9zaCBIRAAAAAAAAAAAAAAAAAAAAM8osKhIKwAAAB9hVA1TY2hvMTk2NmEucGRmAAAAAAAAAAAAAAAAAAAAAAAAAAAAAAAAAAAAAAAAAAAAAAAAAAAAAAAAAAAAAAAAAAAAV+/G0BAZEwAAAAAAAAAAAAEAAgAACSAAAAAAAAAAAAAAAAAAAAAJcmVmZXJlbmNlAAAQAAgAAM8oopgAAAARAAgAANAP/PMAAAABABwAH2FUABLntwAXPo8AFyDIAAj9uQAI/bgAAmXZAAIAX01hY2ludG9zaCBIRDpVc2VyczoAdGltbGVuZXJ0ejoARG9jdW1lbnRzOgBVTEI6AElORk80IDIwMTMtMjAxNDoAbWVtbzoAcmVmZXJlbmNlOgBTY2hvMTk2NmEucGRmAAAOABwADQBTAGMAaABvADEAOQA2ADYAYQAuAHAAZABmAA8AGgAMAE0AYQBjAGkAbgB0AG8AcwBoACAASABEABIAS1VzZXJzL3RpbWxlbmVydHovRG9jdW1lbnRzL1VMQi9JTkZPNCAyMDEzLTIwMTQvbWVtby9yZWZlcmVuY2UvU2NobzE5NjZhLnBkZgAAEwABLwAAFQACABH//wAAgAbSGxwdHlokY2xhc3NuYW1lWCRjbGFzc2VzXU5TTXV0YWJsZURhdGGjHR8gVk5TRGF0YVhOU09iamVjdNIbHCIjXE5TRGljdGlvbmFyeaIiIF8QD05TS2V5ZWRBcmNoaXZlctEmJ1Ryb290gAEACAARABoAIwAtADIANwBAAEYATQBVAGAAZwBqAGwAbgBxAHMAdQB3AIQAjgCcAKEAqQKLAo0CkgKdAqYCtAK4Ar8CyALNAtoC3QLvAvIC9wAAAAAAAAIBAAAAAAAAACgAAAAAAAAAAAAAAAAAAAL5}}

@article{Scho1970,
	Author = {Peter H Sch{\"o}nemann and Robert M Caroll},
	Date-Added = {2014-08-12 17:14:16 +0000},
	Date-Modified = {2014-08-16 10:21:05 +0000},
	Journal = {Phychometrika},
	Month = {June},
	Number = {2},
	Pages = {245-255},
	Read = {0},
	Title = {Fitting one matrix to another using choice of a central dilation and a rigid motion},
	Volume = {35},
	Year = {1970},
	Bdsk-File-1 = {YnBsaXN0MDDUAQIDBAUGJCVYJHZlcnNpb25YJG9iamVjdHNZJGFyY2hpdmVyVCR0b3ASAAGGoKgHCBMUFRYaIVUkbnVsbNMJCgsMDxJXTlMua2V5c1pOUy5vYmplY3RzViRjbGFzc6INDoACgAOiEBGABIAFgAdccmVsYXRpdmVQYXRoWWFsaWFzRGF0YV1TY2hvMTk3MGEucGRm0hcLGBlXTlMuZGF0YU8RAd4AAAAAAd4AAgAADE1hY2ludG9zaCBIRAAAAAAAAAAAAAAAAAAAAM8osKhIKwAAAB9hVA1TY2hvMTk3MGEucGRmAAAAAAAAAAAAAAAAAAAAAAAAAAAAAAAAAAAAAAAAAAAAAAAAAAAAAAAAAAAAAAAAAAAAV+9Z0BAX/gAAAAAAAAAAAAEAAgAACSAAAAAAAAAAAAAAAAAAAAAJcmVmZXJlbmNlAAAQAAgAAM8oopgAAAARAAgAANAP+94AAAABABwAH2FUABLntwAXPo8AFyDIAAj9uQAI/bgAAmXZAAIAX01hY2ludG9zaCBIRDpVc2VyczoAdGltbGVuZXJ0ejoARG9jdW1lbnRzOgBVTEI6AElORk80IDIwMTMtMjAxNDoAbWVtbzoAcmVmZXJlbmNlOgBTY2hvMTk3MGEucGRmAAAOABwADQBTAGMAaABvADEAOQA3ADAAYQAuAHAAZABmAA8AGgAMAE0AYQBjAGkAbgB0AG8AcwBoACAASABEABIAS1VzZXJzL3RpbWxlbmVydHovRG9jdW1lbnRzL1VMQi9JTkZPNCAyMDEzLTIwMTQvbWVtby9yZWZlcmVuY2UvU2NobzE5NzBhLnBkZgAAEwABLwAAFQACABH//wAAgAbSGxwdHlokY2xhc3NuYW1lWCRjbGFzc2VzXU5TTXV0YWJsZURhdGGjHR8gVk5TRGF0YVhOU09iamVjdNIbHCIjXE5TRGljdGlvbmFyeaIiIF8QD05TS2V5ZWRBcmNoaXZlctEmJ1Ryb290gAEACAARABoAIwAtADIANwBAAEYATQBVAGAAZwBqAGwAbgBxAHMAdQB3AIQAjgCcAKEAqQKLAo0CkgKdAqYCtAK4Ar8CyALNAtoC3QLvAvIC9wAAAAAAAAIBAAAAAAAAACgAAAAAAAAAAAAAAAAAAAL5}}

@article{Lerm2009,
	Author = {Jos{\'e} Luis Lerma and Santiago Navarro and Miriam Cabrelles and Valent{\'\i}n Villaverde},
	Date-Added = {2014-08-12 12:14:56 +0000},
	Date-Modified = {2014-08-16 10:20:31 +0000},
	Journal = {Journal of Archaeological Science},
	Month = {October},
	Pages = {499-507},
	Read = {1},
	Title = {Terrestrial laser scanning and close range photogrammetry for 3D archaeological documentation: the Upper Palaeolithic Cave of Parpall{\'o} as a case study},
	Used = {1},
	Volume = {37},
	Year = {2009},
	Bdsk-File-1 = {YnBsaXN0MDDUAQIDBAUGJCVYJHZlcnNpb25YJG9iamVjdHNZJGFyY2hpdmVyVCR0b3ASAAGGoKgHCBMUFRYaIVUkbnVsbNMJCgsMDxJXTlMua2V5c1pOUy5vYmplY3RzViRjbGFzc6INDoACgAOiEBGABIAFgAdccmVsYXRpdmVQYXRoWWFsaWFzRGF0YV1MZXJtMjAwOWEucGRm0hcLGBlXTlMuZGF0YU8RAd4AAAAAAd4AAgAADE1hY2ludG9zaCBIRAAAAAAAAAAAAAAAAAAAAM8osKhIKwAAAB9hVA1MZXJtMjAwOWEucGRmAAAAAAAAAAAAAAAAAAAAAAAAAAAAAAAAAAAAAAAAAAAAAAAAAAAAAAAAAAAAAAAAAAAAV8yn0A/R1wAAAAAAAAAAAAEAAgAACSAAAAAAAAAAAAAAAAAAAAAJcmVmZXJlbmNlAAAQAAgAAM8oopgAAAARAAgAANAPtbcAAAABABwAH2FUABLntwAXPo8AFyDIAAj9uQAI/bgAAmXZAAIAX01hY2ludG9zaCBIRDpVc2VyczoAdGltbGVuZXJ0ejoARG9jdW1lbnRzOgBVTEI6AElORk80IDIwMTMtMjAxNDoAbWVtbzoAcmVmZXJlbmNlOgBMZXJtMjAwOWEucGRmAAAOABwADQBMAGUAcgBtADIAMAAwADkAYQAuAHAAZABmAA8AGgAMAE0AYQBjAGkAbgB0AG8AcwBoACAASABEABIAS1VzZXJzL3RpbWxlbmVydHovRG9jdW1lbnRzL1VMQi9JTkZPNCAyMDEzLTIwMTQvbWVtby9yZWZlcmVuY2UvTGVybTIwMDlhLnBkZgAAEwABLwAAFQACABH//wAAgAbSGxwdHlokY2xhc3NuYW1lWCRjbGFzc2VzXU5TTXV0YWJsZURhdGGjHR8gVk5TRGF0YVhOU09iamVjdNIbHCIjXE5TRGljdGlvbmFyeaIiIF8QD05TS2V5ZWRBcmNoaXZlctEmJ1Ryb290gAEACAARABoAIwAtADIANwBAAEYATQBVAGAAZwBqAGwAbgBxAHMAdQB3AIQAjgCcAKEAqQKLAo0CkgKdAqYCtAK4Ar8CyALNAtoC3QLvAvIC9wAAAAAAAAIBAAAAAAAAACgAAAAAAAAAAAAAAAAAAAL5}}

@mastersthesis{Kein2011,
	Address = {April},
	Author = {Christopher Keiner},
	Date-Added = {2014-08-12 10:59:17 +0000},
	Date-Modified = {2014-08-12 11:00:42 +0000},
	School = {Fachbereich Mathematik und Informatik der Freien Universit{\"a}t Berlin},
	Title = {Bildregistrierung von 3D-Laserscans und Bildern f{\"u}r Wadi Sura},
	Used = {1},
	Year = {2011},
	Bdsk-File-1 = {YnBsaXN0MDDUAQIDBAUGJCVYJHZlcnNpb25YJG9iamVjdHNZJGFyY2hpdmVyVCR0b3ASAAGGoKgHCBMUFRYaIVUkbnVsbNMJCgsMDxJXTlMua2V5c1pOUy5vYmplY3RzViRjbGFzc6INDoACgAOiEBGABIAFgAdccmVsYXRpdmVQYXRoWWFsaWFzRGF0YV1LZWluMjAxMWEucGRm0hcLGBlXTlMuZGF0YU8RAd4AAAAAAd4AAgAADE1hY2ludG9zaCBIRAAAAAAAAAAAAAAAAAAAAM8osKhIKwAAAB9hVA1LZWluMjAxMWEucGRmAAAAAAAAAAAAAAAAAAAAAAAAAAAAAAAAAAAAAAAAAAAAAAAAAAAAAAAAAAAAAAAAAAAAOP1xz91QcwAAAAAAAAAAAAEAAgAACSAAAAAAAAAAAAAAAAAAAAAJcmVmZXJlbmNlAAAQAAgAAM8oopgAAAARAAgAAM/dNFMAAAABABwAH2FUABLntwAXPo8AFyDIAAj9uQAI/bgAAmXZAAIAX01hY2ludG9zaCBIRDpVc2VyczoAdGltbGVuZXJ0ejoARG9jdW1lbnRzOgBVTEI6AElORk80IDIwMTMtMjAxNDoAbWVtbzoAcmVmZXJlbmNlOgBLZWluMjAxMWEucGRmAAAOABwADQBLAGUAaQBuADIAMAAxADEAYQAuAHAAZABmAA8AGgAMAE0AYQBjAGkAbgB0AG8AcwBoACAASABEABIAS1VzZXJzL3RpbWxlbmVydHovRG9jdW1lbnRzL1VMQi9JTkZPNCAyMDEzLTIwMTQvbWVtby9yZWZlcmVuY2UvS2VpbjIwMTFhLnBkZgAAEwABLwAAFQACABH//wAAgAbSGxwdHlokY2xhc3NuYW1lWCRjbGFzc2VzXU5TTXV0YWJsZURhdGGjHR8gVk5TRGF0YVhOU09iamVjdNIbHCIjXE5TRGljdGlvbmFyeaIiIF8QD05TS2V5ZWRBcmNoaXZlctEmJ1Ryb290gAEACAARABoAIwAtADIANwBAAEYATQBVAGAAZwBqAGwAbgBxAHMAdQB3AIQAjgCcAKEAqQKLAo0CkgKdAqYCtAK4Ar8CyALNAtoC3QLvAvIC9wAAAAAAAAIBAAAAAAAAACgAAAAAAAAAAAAAAAAAAAL5}}

@webpage{Web1,
	Author = {Center for Advanced Spatial Technologies, University of Arkansas},
	Date-Added = {2014-08-12 10:54:09 +0000},
	Date-Modified = {2014-08-12 11:12:09 +0000},
	Howpublished = {\url{http://www.cast.uark.edu/home/research/archaeology-and-historic-preservation/archaeological-geomatics/archaeological-laser-scanning.html}},
	Lastchecked = {12 August 2014},
	Title = {Archaeological Laser Scanning},
	Url = {http://www.cast.uark.edu/home/research/archaeology-and-historic-preservation/archaeological-geomatics/archaeological-laser-scanning.html},
	Used = {1},
	Year = {2014},
	Bdsk-Url-1 = {http://www.cast.uark.edu/home/research/archaeology-and-historic-preservation/archaeological-geomatics/archaeological-laser-scanning.html}}

@article{Tuyt2007,
	Annote = {Image feature detectors survey},
	Author = {Tinne Tuytelaars and Krystian Mikolajczyk},
	Date-Added = {2014-08-12 10:51:29 +0000},
	Date-Modified = {2014-08-16 10:21:26 +0000},
	Journal = {Foundations and Trends in Computer Graphics and Vision},
	Number = {3},
	Title = {Local Invariant Feature Detectors: A Survey},
	Used = {1},
	Volume = {3},
	Year = {2007},
	Bdsk-File-1 = {YnBsaXN0MDDUAQIDBAUGJCVYJHZlcnNpb25YJG9iamVjdHNZJGFyY2hpdmVyVCR0b3ASAAGGoKgHCBMUFRYaIVUkbnVsbNMJCgsMDxJXTlMua2V5c1pOUy5vYmplY3RzViRjbGFzc6INDoACgAOiEBGABIAFgAdccmVsYXRpdmVQYXRoWWFsaWFzRGF0YV1UdXl0MjAwN2EucGRm0hcLGBlXTlMuZGF0YU8RAd4AAAAAAd4AAgAADE1hY2ludG9zaCBIRAAAAAAAAAAAAAAAAAAAAM8osKhIKwAAAB9hVA1UdXl0MjAwN2EucGRmAAAAAAAAAAAAAAAAAAAAAAAAAAAAAAAAAAAAAAAAAAAAAAAAAAAAAAAAAAAAAAAAAAAAV7/I0A++RAAAAAAAAAAAAAEAAgAACSAAAAAAAAAAAAAAAAAAAAAJcmVmZXJlbmNlAAAQAAgAAM8oopgAAAARAAgAANAPoiQAAAABABwAH2FUABLntwAXPo8AFyDIAAj9uQAI/bgAAmXZAAIAX01hY2ludG9zaCBIRDpVc2VyczoAdGltbGVuZXJ0ejoARG9jdW1lbnRzOgBVTEI6AElORk80IDIwMTMtMjAxNDoAbWVtbzoAcmVmZXJlbmNlOgBUdXl0MjAwN2EucGRmAAAOABwADQBUAHUAeQB0ADIAMAAwADcAYQAuAHAAZABmAA8AGgAMAE0AYQBjAGkAbgB0AG8AcwBoACAASABEABIAS1VzZXJzL3RpbWxlbmVydHovRG9jdW1lbnRzL1VMQi9JTkZPNCAyMDEzLTIwMTQvbWVtby9yZWZlcmVuY2UvVHV5dDIwMDdhLnBkZgAAEwABLwAAFQACABH//wAAgAbSGxwdHlokY2xhc3NuYW1lWCRjbGFzc2VzXU5TTXV0YWJsZURhdGGjHR8gVk5TRGF0YVhOU09iamVjdNIbHCIjXE5TRGljdGlvbmFyeaIiIF8QD05TS2V5ZWRBcmNoaXZlctEmJ1Ryb290gAEACAARABoAIwAtADIANwBAAEYATQBVAGAAZwBqAGwAbgBxAHMAdQB3AIQAjgCcAKEAqQKLAo0CkgKdAqYCtAK4Ar8CyALNAtoC3QLvAvIC9wAAAAAAAAIBAAAAAAAAACgAAAAAAAAAAAAAAAAAAAL5}}

@inproceedings{Mati2011,
	Annote = {Using photos + markers},
	Author = {V. Matiukas and D. Miniotas},
	Date-Added = {2014-08-12 10:38:30 +0000},
	Date-Modified = {2014-08-16 10:20:47 +0000},
	Number = {7},
	Organization = {Department of Electronic Systems, Vilnius Gediminas Technical University},
	Series = {ISSN 1392--1215 ELECTRONICS AND ELECTRICAL ENGINEERING},
	Title = {Point Cloud Merging for Complete 3D Surface Reconstruction},
	Used = {1},
	Year = {2011},
	Bdsk-File-1 = {YnBsaXN0MDDUAQIDBAUGJCVYJHZlcnNpb25YJG9iamVjdHNZJGFyY2hpdmVyVCR0b3ASAAGGoKgHCBMUFRYaIVUkbnVsbNMJCgsMDxJXTlMua2V5c1pOUy5vYmplY3RzViRjbGFzc6INDoACgAOiEBGABIAFgAdccmVsYXRpdmVQYXRoWWFsaWFzRGF0YV1NYXRpMjAxMWEucGRm0hcLGBlXTlMuZGF0YU8RAd4AAAAAAd4AAgAADE1hY2ludG9zaCBIRAAAAAAAAAAAAAAAAAAAAM8osKhIKwAAAB9hVA1NYXRpMjAxMWEucGRmAAAAAAAAAAAAAAAAAAAAAAAAAAAAAAAAAAAAAAAAAAAAAAAAAAAAAAAAAAAAAAAAAAAAG6Bfz5iOKwAAAAAAAAAAAAEAAgAACSAAAAAAAAAAAAAAAAAAAAAJcmVmZXJlbmNlAAAQAAgAAM8oopgAAAARAAgAAM+YcgsAAAABABwAH2FUABLntwAXPo8AFyDIAAj9uQAI/bgAAmXZAAIAX01hY2ludG9zaCBIRDpVc2VyczoAdGltbGVuZXJ0ejoARG9jdW1lbnRzOgBVTEI6AElORk80IDIwMTMtMjAxNDoAbWVtbzoAcmVmZXJlbmNlOgBNYXRpMjAxMWEucGRmAAAOABwADQBNAGEAdABpADIAMAAxADEAYQAuAHAAZABmAA8AGgAMAE0AYQBjAGkAbgB0AG8AcwBoACAASABEABIAS1VzZXJzL3RpbWxlbmVydHovRG9jdW1lbnRzL1VMQi9JTkZPNCAyMDEzLTIwMTQvbWVtby9yZWZlcmVuY2UvTWF0aTIwMTFhLnBkZgAAEwABLwAAFQACABH//wAAgAbSGxwdHlokY2xhc3NuYW1lWCRjbGFzc2VzXU5TTXV0YWJsZURhdGGjHR8gVk5TRGF0YVhOU09iamVjdNIbHCIjXE5TRGljdGlvbmFyeaIiIF8QD05TS2V5ZWRBcmNoaXZlctEmJ1Ryb290gAEACAARABoAIwAtADIANwBAAEYATQBVAGAAZwBqAGwAbgBxAHMAdQB3AIQAjgCcAKEAqQKLAo0CkgKdAqYCtAK4Ar8CyALNAtoC3QLvAvIC9wAAAAAAAAIBAAAAAAAAACgAAAAAAAAAAAAAAAAAAAL5}}

@inproceedings{Fork2005,
	Author = {Eric K Forkuo and Bruce King},
	Booktitle = {International Archives of Photogrammetry and Remote Sensing},
	Date-Added = {2014-08-12 10:34:03 +0000},
	Date-Modified = {2014-08-16 10:19:33 +0000},
	Number = {B4},
	Pages = {921-926},
	Title = {Automatic fusion of photogrammetric imagery and laser scanner point clouds},
	Used = {1},
	Volume = {XXXV},
	Year = {2005},
	Bdsk-File-1 = {YnBsaXN0MDDUAQIDBAUGJCVYJHZlcnNpb25YJG9iamVjdHNZJGFyY2hpdmVyVCR0b3ASAAGGoKgHCBMUFRYaIVUkbnVsbNMJCgsMDxJXTlMua2V5c1pOUy5vYmplY3RzViRjbGFzc6INDoACgAOiEBGABIAFgAdccmVsYXRpdmVQYXRoWWFsaWFzRGF0YV1Gb3JrMjAwNWEucGRm0hcLGBlXTlMuZGF0YU8RAd4AAAAAAd4AAgAADE1hY2ludG9zaCBIRAAAAAAAAAAAAAAAAAAAAM8osKhIKwAAAB9hVA1Gb3JrMjAwNWEucGRmAAAAAAAAAAAAAAAAAAAAAAAAAAAAAAAAAAAAAAAAAAAAAAAAAAAAAAAAAAAAAAAAAAAAHZ7sz6bDbgAAAAAAAAAAAAEAAgAACSAAAAAAAAAAAAAAAAAAAAAJcmVmZXJlbmNlAAAQAAgAAM8oopgAAAARAAgAAM+mp04AAAABABwAH2FUABLntwAXPo8AFyDIAAj9uQAI/bgAAmXZAAIAX01hY2ludG9zaCBIRDpVc2VyczoAdGltbGVuZXJ0ejoARG9jdW1lbnRzOgBVTEI6AElORk80IDIwMTMtMjAxNDoAbWVtbzoAcmVmZXJlbmNlOgBGb3JrMjAwNWEucGRmAAAOABwADQBGAG8AcgBrADIAMAAwADUAYQAuAHAAZABmAA8AGgAMAE0AYQBjAGkAbgB0AG8AcwBoACAASABEABIAS1VzZXJzL3RpbWxlbmVydHovRG9jdW1lbnRzL1VMQi9JTkZPNCAyMDEzLTIwMTQvbWVtby9yZWZlcmVuY2UvRm9yazIwMDVhLnBkZgAAEwABLwAAFQACABH//wAAgAbSGxwdHlokY2xhc3NuYW1lWCRjbGFzc2VzXU5TTXV0YWJsZURhdGGjHR8gVk5TRGF0YVhOU09iamVjdNIbHCIjXE5TRGljdGlvbmFyeaIiIF8QD05TS2V5ZWRBcmNoaXZlctEmJ1Ryb290gAEACAARABoAIwAtADIANwBAAEYATQBVAGAAZwBqAGwAbgBxAHMAdQB3AIQAjgCcAKEAqQKLAo0CkgKdAqYCtAK4Ar8CyALNAtoC3QLvAvIC9wAAAAAAAAIBAAAAAAAAACgAAAAAAAAAAAAAAAAAAAL5}}

@article{Aige2008,
	Annote = {4PCS},
	Author = {Dror Aiger and Niloy J Mitra and Daniel Cohen-Or},
	Date-Added = {2014-08-12 10:23:52 +0000},
	Date-Modified = {2014-08-16 10:18:50 +0000},
	Journal = {ACM Transactions on Graphics},
	Number = {3},
	Read = {1},
	Title = {4-Points Congruent Sets for Robust Pairwise Surface Registration},
	Used = {1},
	Volume = {27},
	Year = {2008},
	Bdsk-File-1 = {YnBsaXN0MDDUAQIDBAUGJCVYJHZlcnNpb25YJG9iamVjdHNZJGFyY2hpdmVyVCR0b3ASAAGGoKgHCBMUFRYaIVUkbnVsbNMJCgsMDxJXTlMua2V5c1pOUy5vYmplY3RzViRjbGFzc6INDoACgAOiEBGABIAFgAdccmVsYXRpdmVQYXRoWWFsaWFzRGF0YV1BaWdlMjAwOGEucGRm0hcLGBlXTlMuZGF0YU8RAd4AAAAAAd4AAgAADE1hY2ludG9zaCBIRAAAAAAAAAAAAAAAAAAAAM8osKhIKwAAAB9hVA1BaWdlMjAwOGEucGRmAAAAAAAAAAAAAAAAAAAAAAAAAAAAAAAAAAAAAAAAAAAAAAAAAAAAAAAAAAAAAAAAAAAAWGNA0AU/1gAAAAAAAAAAAAEAAgAACSAAAAAAAAAAAAAAAAAAAAAJcmVmZXJlbmNlAAAQAAgAAM8oopgAAAARAAgAANAFI7YAAAABABwAH2FUABLntwAXPo8AFyDIAAj9uQAI/bgAAmXZAAIAX01hY2ludG9zaCBIRDpVc2VyczoAdGltbGVuZXJ0ejoARG9jdW1lbnRzOgBVTEI6AElORk80IDIwMTMtMjAxNDoAbWVtbzoAcmVmZXJlbmNlOgBBaWdlMjAwOGEucGRmAAAOABwADQBBAGkAZwBlADIAMAAwADgAYQAuAHAAZABmAA8AGgAMAE0AYQBjAGkAbgB0AG8AcwBoACAASABEABIAS1VzZXJzL3RpbWxlbmVydHovRG9jdW1lbnRzL1VMQi9JTkZPNCAyMDEzLTIwMTQvbWVtby9yZWZlcmVuY2UvQWlnZTIwMDhhLnBkZgAAEwABLwAAFQACABH//wAAgAbSGxwdHlokY2xhc3NuYW1lWCRjbGFzc2VzXU5TTXV0YWJsZURhdGGjHR8gVk5TRGF0YVhOU09iamVjdNIbHCIjXE5TRGljdGlvbmFyeaIiIF8QD05TS2V5ZWRBcmNoaXZlctEmJ1Ryb290gAEACAARABoAIwAtADIANwBAAEYATQBVAGAAZwBqAGwAbgBxAHMAdQB3AIQAjgCcAKEAqQKLAo0CkgKdAqYCtAK4Ar8CyALNAtoC3QLvAvIC9wAAAAAAAAIBAAAAAAAAACgAAAAAAAAAAAAAAAAAAAL5}}

@inproceedings{Holz2014,
	Address = {Munich},
	Author = {Dirk Holz and Sven Behnke},
	Date-Added = {2014-08-12 10:19:00 +0000},
	Date-Modified = {2014-08-16 10:20:05 +0000},
	Month = {June},
	Organization = {Autonomous Intelligent Systems Group, University of Bonn, Germany},
	Read = {1},
	Series = {Joint 45th International Symposium on Robotics (ISR) and 8th German Conference on Robotics (ROBOTIK)},
	Title = {Registration of Non-Uniform Density 3D Point Clouds using Approximate Surface Reconstruction},
	Used = {1},
	Year = {2014},
	Bdsk-File-1 = {YnBsaXN0MDDUAQIDBAUGJCVYJHZlcnNpb25YJG9iamVjdHNZJGFyY2hpdmVyVCR0b3ASAAGGoKgHCBMUFRYaIVUkbnVsbNMJCgsMDxJXTlMua2V5c1pOUy5vYmplY3RzViRjbGFzc6INDoACgAOiEBGABIAFgAdccmVsYXRpdmVQYXRoWWFsaWFzRGF0YV1Ib2x6MjAxNGEucGRm0hcLGBlXTlMuZGF0YU8RAd4AAAAAAd4AAgAADE1hY2ludG9zaCBIRAAAAAAAAAAAAAAAAAAAAM8osKhIKwAAAB9hVA1Ib2x6MjAxNGEucGRmAAAAAAAAAAAAAAAAAAAAAAAAAAAAAAAAAAAAAAAAAAAAAAAAAAAAAAAAAAAAAAAAAAAAWGHs0AF8lAAAAAAAAAAAAAEAAgAACSAAAAAAAAAAAAAAAAAAAAAJcmVmZXJlbmNlAAAQAAgAAM8oopgAAAARAAgAANABYHQAAAABABwAH2FUABLntwAXPo8AFyDIAAj9uQAI/bgAAmXZAAIAX01hY2ludG9zaCBIRDpVc2VyczoAdGltbGVuZXJ0ejoARG9jdW1lbnRzOgBVTEI6AElORk80IDIwMTMtMjAxNDoAbWVtbzoAcmVmZXJlbmNlOgBIb2x6MjAxNGEucGRmAAAOABwADQBIAG8AbAB6ADIAMAAxADQAYQAuAHAAZABmAA8AGgAMAE0AYQBjAGkAbgB0AG8AcwBoACAASABEABIAS1VzZXJzL3RpbWxlbmVydHovRG9jdW1lbnRzL1VMQi9JTkZPNCAyMDEzLTIwMTQvbWVtby9yZWZlcmVuY2UvSG9sejIwMTRhLnBkZgAAEwABLwAAFQACABH//wAAgAbSGxwdHlokY2xhc3NuYW1lWCRjbGFzc2VzXU5TTXV0YWJsZURhdGGjHR8gVk5TRGF0YVhOU09iamVjdNIbHCIjXE5TRGljdGlvbmFyeaIiIF8QD05TS2V5ZWRBcmNoaXZlctEmJ1Ryb290gAEACAARABoAIwAtADIANwBAAEYATQBVAGAAZwBqAGwAbgBxAHMAdQB3AIQAjgCcAKEAqQKLAo0CkgKdAqYCtAK4Ar8CyALNAtoC3QLvAvIC9wAAAAAAAAIBAAAAAAAAACgAAAAAAAAAAAAAAAAAAAL5}}

@inproceedings{Zhan1992,
	Author = {Zhengyou Zhang},
	Booktitle = {Rapports de Recherche},
	Date-Added = {2014-08-12 10:14:53 +0000},
	Date-Modified = {2014-08-12 10:18:22 +0000},
	Month = {March},
	Number = {1658},
	Organization = {Unit{\'e} de Recherche INRIA-Sophia Antipolis},
	Title = {Iterative Point Matching for Registration of Free-Form Curves},
	Used = {1},
	Volume = {Programme 4 - Robotique, Image de Vision},
	Year = {1992},
	Bdsk-File-1 = {YnBsaXN0MDDUAQIDBAUGJCVYJHZlcnNpb25YJG9iamVjdHNZJGFyY2hpdmVyVCR0b3ASAAGGoKgHCBMUFRYaIVUkbnVsbNMJCgsMDxJXTlMua2V5c1pOUy5vYmplY3RzViRjbGFzc6INDoACgAOiEBGABIAFgAdccmVsYXRpdmVQYXRoWWFsaWFzRGF0YV1aaGFuMTk5MmEucGRm0hcLGBlXTlMuZGF0YU8RAd4AAAAAAd4AAgAADE1hY2ludG9zaCBIRAAAAAAAAAAAAAAAAAAAAM8osKhIKwAAAB9hVA1aaGFuMTk5MmEucGRmAAAAAAAAAAAAAAAAAAAAAAAAAAAAAAAAAAAAAAAAAAAAAAAAAAAAAAAAAAAAAAAAAAAAVEIz0AkXjwAAAAAAAAAAAAEAAgAACSAAAAAAAAAAAAAAAAAAAAAJcmVmZXJlbmNlAAAQAAgAAM8oopgAAAARAAgAANAI+28AAAABABwAH2FUABLntwAXPo8AFyDIAAj9uQAI/bgAAmXZAAIAX01hY2ludG9zaCBIRDpVc2VyczoAdGltbGVuZXJ0ejoARG9jdW1lbnRzOgBVTEI6AElORk80IDIwMTMtMjAxNDoAbWVtbzoAcmVmZXJlbmNlOgBaaGFuMTk5MmEucGRmAAAOABwADQBaAGgAYQBuADEAOQA5ADIAYQAuAHAAZABmAA8AGgAMAE0AYQBjAGkAbgB0AG8AcwBoACAASABEABIAS1VzZXJzL3RpbWxlbmVydHovRG9jdW1lbnRzL1VMQi9JTkZPNCAyMDEzLTIwMTQvbWVtby9yZWZlcmVuY2UvWmhhbjE5OTJhLnBkZgAAEwABLwAAFQACABH//wAAgAbSGxwdHlokY2xhc3NuYW1lWCRjbGFzc2VzXU5TTXV0YWJsZURhdGGjHR8gVk5TRGF0YVhOU09iamVjdNIbHCIjXE5TRGljdGlvbmFyeaIiIF8QD05TS2V5ZWRBcmNoaXZlctEmJ1Ryb290gAEACAARABoAIwAtADIANwBAAEYATQBVAGAAZwBqAGwAbgBxAHMAdQB3AIQAjgCcAKEAqQKLAo0CkgKdAqYCtAK4Ar8CyALNAtoC3QLvAvIC9wAAAAAAAAIBAAAAAAAAACgAAAAAAAAAAAAAAAAAAAL5}}

@article{Horn1984,
	Annote = {EGI original paper},
	Author = {Berthold K.P. Horn},
	Date-Added = {2014-08-12 10:00:03 +0000},
	Date-Modified = {2014-08-15 12:56:56 +0000},
	Journal = {Proceesings of the IEEE},
	Month = {December},
	Number = {12},
	Pages = {1671-1686},
	Read = {1},
	Title = {Extended Gaussian Images},
	Used = {1},
	Volume = {72},
	Year = {1984},
	Bdsk-File-1 = {YnBsaXN0MDDUAQIDBAUGJCVYJHZlcnNpb25YJG9iamVjdHNZJGFyY2hpdmVyVCR0b3ASAAGGoKgHCBMUFRYaIVUkbnVsbNMJCgsMDxJXTlMua2V5c1pOUy5vYmplY3RzViRjbGFzc6INDoACgAOiEBGABIAFgAdccmVsYXRpdmVQYXRoWWFsaWFzRGF0YV1Ib3JuMTk4NGEucGRm0hcLGBlXTlMuZGF0YU8RAd4AAAAAAd4AAgAADE1hY2ludG9zaCBIRAAAAAAAAAAAAAAAAAAAAM8osKhIKwAAAB9hVA1Ib3JuMTk4NGEucGRmAAAAAAAAAAAAAAAAAAAAAAAAAAAAAAAAAAAAAAAAAAAAAAAAAAAAAAAAAAAAAAAAAAAAUoXW0APhPgAAAAAAAAAAAAEAAgAACSAAAAAAAAAAAAAAAAAAAAAJcmVmZXJlbmNlAAAQAAgAAM8oopgAAAARAAgAANADxR4AAAABABwAH2FUABLntwAXPo8AFyDIAAj9uQAI/bgAAmXZAAIAX01hY2ludG9zaCBIRDpVc2VyczoAdGltbGVuZXJ0ejoARG9jdW1lbnRzOgBVTEI6AElORk80IDIwMTMtMjAxNDoAbWVtbzoAcmVmZXJlbmNlOgBIb3JuMTk4NGEucGRmAAAOABwADQBIAG8AcgBuADEAOQA4ADQAYQAuAHAAZABmAA8AGgAMAE0AYQBjAGkAbgB0AG8AcwBoACAASABEABIAS1VzZXJzL3RpbWxlbmVydHovRG9jdW1lbnRzL1VMQi9JTkZPNCAyMDEzLTIwMTQvbWVtby9yZWZlcmVuY2UvSG9ybjE5ODRhLnBkZgAAEwABLwAAFQACABH//wAAgAbSGxwdHlokY2xhc3NuYW1lWCRjbGFzc2VzXU5TTXV0YWJsZURhdGGjHR8gVk5TRGF0YVhOU09iamVjdNIbHCIjXE5TRGljdGlvbmFyeaIiIF8QD05TS2V5ZWRBcmNoaXZlctEmJ1Ryb290gAEACAARABoAIwAtADIANwBAAEYATQBVAGAAZwBqAGwAbgBxAHMAdQB3AIQAjgCcAKEAqQKLAo0CkgKdAqYCtAK4Ar8CyALNAtoC3QLvAvIC9wAAAAAAAAIBAAAAAAAAACgAAAAAAAAAAAAAAAAAAAL5}}

@article{Hirs2008,
	Annote = {Photogrammetry Semi-global matching},
	Author = {Heiko Hirschm{\"u}ller},
	Date-Added = {2014-08-12 09:38:44 +0000},
	Date-Modified = {2014-08-12 09:40:10 +0000},
	Journal = {IEEE Transactions on Pattern Analysis and Machine Intelligence},
	Month = {February},
	Number = {2},
	Pages = {328-341},
	Title = {Stereo Processing by Semiglobal Matching and Mutual Information},
	Used = {1},
	Volume = {30},
	Year = {2008},
	Bdsk-File-1 = {YnBsaXN0MDDUAQIDBAUGJCVYJHZlcnNpb25YJG9iamVjdHNZJGFyY2hpdmVyVCR0b3ASAAGGoKgHCBMUFRYaIVUkbnVsbNMJCgsMDxJXTlMua2V5c1pOUy5vYmplY3RzViRjbGFzc6INDoACgAOiEBGABIAFgAdccmVsYXRpdmVQYXRoWWFsaWFzRGF0YV1IaXJzMjAwOGEucGRm0hcLGBlXTlMuZGF0YU8RAd4AAAAAAd4AAgAADE1hY2ludG9zaCBIRAAAAAAAAAAAAAAAAAAAAM8osKhIKwAAAB9hVA1IaXJzMjAwOGEucGRmAAAAAAAAAAAAAAAAAAAAAAAAAAAAAAAAAAAAAAAAAAAAAAAAAAAAAAAAAAAAAAAAAAAAV7Sz0A+tOQAAAAAAAAAAAAEAAgAACSAAAAAAAAAAAAAAAAAAAAAJcmVmZXJlbmNlAAAQAAgAAM8oopgAAAARAAgAANAPkRkAAAABABwAH2FUABLntwAXPo8AFyDIAAj9uQAI/bgAAmXZAAIAX01hY2ludG9zaCBIRDpVc2VyczoAdGltbGVuZXJ0ejoARG9jdW1lbnRzOgBVTEI6AElORk80IDIwMTMtMjAxNDoAbWVtbzoAcmVmZXJlbmNlOgBIaXJzMjAwOGEucGRmAAAOABwADQBIAGkAcgBzADIAMAAwADgAYQAuAHAAZABmAA8AGgAMAE0AYQBjAGkAbgB0AG8AcwBoACAASABEABIAS1VzZXJzL3RpbWxlbmVydHovRG9jdW1lbnRzL1VMQi9JTkZPNCAyMDEzLTIwMTQvbWVtby9yZWZlcmVuY2UvSGlyczIwMDhhLnBkZgAAEwABLwAAFQACABH//wAAgAbSGxwdHlokY2xhc3NuYW1lWCRjbGFzc2VzXU5TTXV0YWJsZURhdGGjHR8gVk5TRGF0YVhOU09iamVjdNIbHCIjXE5TRGljdGlvbmFyeaIiIF8QD05TS2V5ZWRBcmNoaXZlctEmJ1Ryb290gAEACAARABoAIwAtADIANwBAAEYATQBVAGAAZwBqAGwAbgBxAHMAdQB3AIQAjgCcAKEAqQKLAo0CkgKdAqYCtAK4Ar8CyALNAtoC3QLvAvIC9wAAAAAAAAIBAAAAAAAAACgAAAAAAAAAAAAAAAAAAAL5}}

@manual{Schi2014,
	Annote = {Photogrammetry math},
	Author = {Konrad Schindler},
	Date-Added = {2014-08-12 08:54:46 +0000},
	Date-Modified = {2014-08-12 08:56:29 +0000},
	Month = {January},
	Organization = {Photogrammetry and Remote Sensing, ETH Z{\"u}rich},
	Read = {1},
	Title = {Mathematical Foundations of Photogrammetry},
	Used = {1},
	Year = {2014},
	Bdsk-File-1 = {YnBsaXN0MDDUAQIDBAUGJCVYJHZlcnNpb25YJG9iamVjdHNZJGFyY2hpdmVyVCR0b3ASAAGGoKgHCBMUFRYaIVUkbnVsbNMJCgsMDxJXTlMua2V5c1pOUy5vYmplY3RzViRjbGFzc6INDoACgAOiEBGABIAFgAdccmVsYXRpdmVQYXRoWWFsaWFzRGF0YV1TY2hpMjAxNGEucGRm0hcLGBlXTlMuZGF0YU8RAd4AAAAAAd4AAgAADE1hY2ludG9zaCBIRAAAAAAAAAAAAAAAAAAAAM8osKhIKwAAAB9hVA1TY2hpMjAxNGEucGRmAAAAAAAAAAAAAAAAAAAAAAAAAAAAAAAAAAAAAAAAAAAAAAAAAAAAAAAAAAAAAAAAAAAAV6450A+dUwAAAAAAAAAAAAEAAgAACSAAAAAAAAAAAAAAAAAAAAAJcmVmZXJlbmNlAAAQAAgAAM8oopgAAAARAAgAANAPgTMAAAABABwAH2FUABLntwAXPo8AFyDIAAj9uQAI/bgAAmXZAAIAX01hY2ludG9zaCBIRDpVc2VyczoAdGltbGVuZXJ0ejoARG9jdW1lbnRzOgBVTEI6AElORk80IDIwMTMtMjAxNDoAbWVtbzoAcmVmZXJlbmNlOgBTY2hpMjAxNGEucGRmAAAOABwADQBTAGMAaABpADIAMAAxADQAYQAuAHAAZABmAA8AGgAMAE0AYQBjAGkAbgB0AG8AcwBoACAASABEABIAS1VzZXJzL3RpbWxlbmVydHovRG9jdW1lbnRzL1VMQi9JTkZPNCAyMDEzLTIwMTQvbWVtby9yZWZlcmVuY2UvU2NoaTIwMTRhLnBkZgAAEwABLwAAFQACABH//wAAgAbSGxwdHlokY2xhc3NuYW1lWCRjbGFzc2VzXU5TTXV0YWJsZURhdGGjHR8gVk5TRGF0YVhOU09iamVjdNIbHCIjXE5TRGljdGlvbmFyeaIiIF8QD05TS2V5ZWRBcmNoaXZlctEmJ1Ryb290gAEACAARABoAIwAtADIANwBAAEYATQBVAGAAZwBqAGwAbgBxAHMAdQB3AIQAjgCcAKEAqQKLAo0CkgKdAqYCtAK4Ar8CyALNAtoC3QLvAvIC9wAAAAAAAAIBAAAAAAAAACgAAAAAAAAAAAAAAAAAAAL5}}

@inproceedings{Told2010,
	Author = {Roberto Toldo and Alberto Beinat and Fabio Crosilla},
	Date-Added = {2014-08-11 10:43:33 +0000},
	Date-Modified = {2014-08-16 10:21:17 +0000},
	Organization = {3DPVT 2010 Conference},
	Read = {1},
	Title = {Global registration of multiple point clouds embedding the Generalized Procrustes Analysis into an ICP framework},
	Used = {1},
	Year = {2010},
	Bdsk-File-1 = {YnBsaXN0MDDUAQIDBAUGJCVYJHZlcnNpb25YJG9iamVjdHNZJGFyY2hpdmVyVCR0b3ASAAGGoKgHCBMUFRYaIVUkbnVsbNMJCgsMDxJXTlMua2V5c1pOUy5vYmplY3RzViRjbGFzc6INDoACgAOiEBGABIAFgAdccmVsYXRpdmVQYXRoWWFsaWFzRGF0YV1Ub2xkMjAxMGEucGRm0hcLGBlXTlMuZGF0YU8RAd4AAAAAAd4AAgAADE1hY2ludG9zaCBIRAAAAAAAAAAAAAAAAAAAAM8osKhIKwAAAB9hVA1Ub2xkMjAxMGEucGRmAAAAAAAAAAAAAAAAAAAAAAAAAAAAAAAAAAAAAAAAAAAAAAAAAAAAAAAAAAAAAAAAAAAAV/X60A5gtAAAAAAAAAAAAAEAAgAACSAAAAAAAAAAAAAAAAAAAAAJcmVmZXJlbmNlAAAQAAgAAM8oopgAAAARAAgAANAORJQAAAABABwAH2FUABLntwAXPo8AFyDIAAj9uQAI/bgAAmXZAAIAX01hY2ludG9zaCBIRDpVc2VyczoAdGltbGVuZXJ0ejoARG9jdW1lbnRzOgBVTEI6AElORk80IDIwMTMtMjAxNDoAbWVtbzoAcmVmZXJlbmNlOgBUb2xkMjAxMGEucGRmAAAOABwADQBUAG8AbABkADIAMAAxADAAYQAuAHAAZABmAA8AGgAMAE0AYQBjAGkAbgB0AG8AcwBoACAASABEABIAS1VzZXJzL3RpbWxlbmVydHovRG9jdW1lbnRzL1VMQi9JTkZPNCAyMDEzLTIwMTQvbWVtby9yZWZlcmVuY2UvVG9sZDIwMTBhLnBkZgAAEwABLwAAFQACABH//wAAgAbSGxwdHlokY2xhc3NuYW1lWCRjbGFzc2VzXU5TTXV0YWJsZURhdGGjHR8gVk5TRGF0YVhOU09iamVjdNIbHCIjXE5TRGljdGlvbmFyeaIiIF8QD05TS2V5ZWRBcmNoaXZlctEmJ1Ryb290gAEACAARABoAIwAtADIANwBAAEYATQBVAGAAZwBqAGwAbgBxAHMAdQB3AIQAjgCcAKEAqQKLAo0CkgKdAqYCtAK4Ar8CyALNAtoC3QLvAvIC9wAAAAAAAAIBAAAAAAAAACgAAAAAAAAAAAAAAAAAAAL5}}

@inproceedings{Horn1986,
	Annote = {Math for ICP (from photogrammetry)},
	Author = {Berthold K.P. Horn},
	Booktitle = {Journal of the Optical Society of America A},
	Date-Added = {2014-08-08 10:28:02 +0000},
	Date-Modified = {2014-08-11 22:14:40 +0000},
	Month = {April},
	Organization = {Department of Electrical Engineering, University of Hawaii at Manoa},
	Pages = {629},
	Read = {1},
	Title = {Closed-form solution of absolute orientation using unit quaternions},
	Used = {1},
	Volume = {4},
	Year = {1987},
	Bdsk-File-1 = {YnBsaXN0MDDUAQIDBAUGJCVYJHZlcnNpb25YJG9iamVjdHNZJGFyY2hpdmVyVCR0b3ASAAGGoKgHCBMUFRYaIVUkbnVsbNMJCgsMDxJXTlMua2V5c1pOUy5vYmplY3RzViRjbGFzc6INDoACgAOiEBGABIAFgAdccmVsYXRpdmVQYXRoWWFsaWFzRGF0YV1Ib3JuMTk4NmEucGRm0hcLGBlXTlMuZGF0YU8RAd4AAAAAAd4AAgAADE1hY2ludG9zaCBIRAAAAAAAAAAAAAAAAAAAAM8osKhIKwAAAB9hVA1Ib3JuMTk4NmEucGRmAAAAAAAAAAAAAAAAAAAAAAAAAAAAAAAAAAAAAAAAAAAAAAAAAAAAAAAAAAAAAAAAAAAAVdyY0ApymQAAAAAAAAAAAAEAAgAACSAAAAAAAAAAAAAAAAAAAAAJcmVmZXJlbmNlAAAQAAgAAM8oopgAAAARAAgAANAKVnkAAAABABwAH2FUABLntwAXPo8AFyDIAAj9uQAI/bgAAmXZAAIAX01hY2ludG9zaCBIRDpVc2VyczoAdGltbGVuZXJ0ejoARG9jdW1lbnRzOgBVTEI6AElORk80IDIwMTMtMjAxNDoAbWVtbzoAcmVmZXJlbmNlOgBIb3JuMTk4NmEucGRmAAAOABwADQBIAG8AcgBuADEAOQA4ADYAYQAuAHAAZABmAA8AGgAMAE0AYQBjAGkAbgB0AG8AcwBoACAASABEABIAS1VzZXJzL3RpbWxlbmVydHovRG9jdW1lbnRzL1VMQi9JTkZPNCAyMDEzLTIwMTQvbWVtby9yZWZlcmVuY2UvSG9ybjE5ODZhLnBkZgAAEwABLwAAFQACABH//wAAgAbSGxwdHlokY2xhc3NuYW1lWCRjbGFzc2VzXU5TTXV0YWJsZURhdGGjHR8gVk5TRGF0YVhOU09iamVjdNIbHCIjXE5TRGljdGlvbmFyeaIiIF8QD05TS2V5ZWRBcmNoaXZlctEmJ1Ryb290gAEACAARABoAIwAtADIANwBAAEYATQBVAGAAZwBqAGwAbgBxAHMAdQB3AIQAjgCcAKEAqQKLAo0CkgKdAqYCtAK4Ar8CyALNAtoC3QLvAvIC9wAAAAAAAAIBAAAAAAAAACgAAAAAAAAAAAAAAAAAAAL5}}

@inproceedings{Besl1992,
	Annote = {ICP with quaternion method},
	Author = {Paul J Besl and Neil D. McKay},
	Booktitle = {IEEE Transactions on Pattern Analysis and Machine Intelligence},
	Date-Added = {2014-08-07 11:23:20 +0000},
	Date-Modified = {2014-08-16 10:18:56 +0000},
	Month = {February},
	Number = {2},
	Organization = {IEEE},
	Pages = {239-256},
	Read = {1},
	Title = {A Method for Registration of 3-D Shapes},
	Used = {1},
	Volume = {14},
	Year = {1992},
	Bdsk-File-1 = {YnBsaXN0MDDUAQIDBAUGJCVYJHZlcnNpb25YJG9iamVjdHNZJGFyY2hpdmVyVCR0b3ASAAGGoKgHCBMUFRYaIVUkbnVsbNMJCgsMDxJXTlMua2V5c1pOUy5vYmplY3RzViRjbGFzc6INDoACgAOiEBGABIAFgAdccmVsYXRpdmVQYXRoWWFsaWFzRGF0YV1CZXNsMTk5MmEucGRm0hcLGBlXTlMuZGF0YU8RAd4AAAAAAd4AAgAADE1hY2ludG9zaCBIRAAAAAAAAAAAAAAAAAAAAM8osKhIKwAAAB9hVA1CZXNsMTk5MmEucGRmAAAAAAAAAAAAAAAAAAAAAAAAAAAAAAAAAAAAAAAAAAAAAAAAAAAAAAAAAAAAAAAAAAAAVEUm0AkhUAAAAAAAAAAAAAEAAgAACSAAAAAAAAAAAAAAAAAAAAAJcmVmZXJlbmNlAAAQAAgAAM8oopgAAAARAAgAANAJBTAAAAABABwAH2FUABLntwAXPo8AFyDIAAj9uQAI/bgAAmXZAAIAX01hY2ludG9zaCBIRDpVc2VyczoAdGltbGVuZXJ0ejoARG9jdW1lbnRzOgBVTEI6AElORk80IDIwMTMtMjAxNDoAbWVtbzoAcmVmZXJlbmNlOgBCZXNsMTk5MmEucGRmAAAOABwADQBCAGUAcwBsADEAOQA5ADIAYQAuAHAAZABmAA8AGgAMAE0AYQBjAGkAbgB0AG8AcwBoACAASABEABIAS1VzZXJzL3RpbWxlbmVydHovRG9jdW1lbnRzL1VMQi9JTkZPNCAyMDEzLTIwMTQvbWVtby9yZWZlcmVuY2UvQmVzbDE5OTJhLnBkZgAAEwABLwAAFQACABH//wAAgAbSGxwdHlokY2xhc3NuYW1lWCRjbGFzc2VzXU5TTXV0YWJsZURhdGGjHR8gVk5TRGF0YVhOU09iamVjdNIbHCIjXE5TRGljdGlvbmFyeaIiIF8QD05TS2V5ZWRBcmNoaXZlctEmJ1Ryb290gAEACAARABoAIwAtADIANwBAAEYATQBVAGAAZwBqAGwAbgBxAHMAdQB3AIQAjgCcAKEAqQKLAo0CkgKdAqYCtAK4Ar8CyALNAtoC3QLvAvIC9wAAAAAAAAIBAAAAAAAAACgAAAAAAAAAAAAAAAAAAAL5}}

@inproceedings{Rusi2001,
	Annote = {ICP variants},
	Author = {Szymon Rusinkiewicz and Marc Levoy},
	Date-Added = {2014-08-07 10:36:44 +0000},
	Date-Modified = {2014-08-16 10:20:54 +0000},
	Organization = {Stanford University},
	Pages = {145-152},
	Read = {1},
	Title = {Efficient Variants of the ICP Algorithm},
	Used = {1},
	Volume = {3-D Digital Imaging and Modeling},
	Year = {2001},
	Bdsk-File-1 = {YnBsaXN0MDDUAQIDBAUGJCVYJHZlcnNpb25YJG9iamVjdHNZJGFyY2hpdmVyVCR0b3ASAAGGoKgHCBMUFRYaIVUkbnVsbNMJCgsMDxJXTlMua2V5c1pOUy5vYmplY3RzViRjbGFzc6INDoACgAOiEBGABIAFgAdccmVsYXRpdmVQYXRoWWFsaWFzRGF0YV1SdXNpMjAwMWEucGRm0hcLGBlXTlMuZGF0YU8RAd4AAAAAAd4AAgAADE1hY2ludG9zaCBIRAAAAAAAAAAAAAAAAAAAAM8osKhIKwAAAB9hVA1SdXNpMjAwMWEucGRmAAAAAAAAAAAAAAAAAAAAAAAAAAAAAAAAAAAAAAAAAAAAAAAAAAAAAAAAAAAAAAAAAAAAVETr0AkglwAAAAAAAAAAAAEAAgAACSAAAAAAAAAAAAAAAAAAAAAJcmVmZXJlbmNlAAAQAAgAAM8oopgAAAARAAgAANAJBHcAAAABABwAH2FUABLntwAXPo8AFyDIAAj9uQAI/bgAAmXZAAIAX01hY2ludG9zaCBIRDpVc2VyczoAdGltbGVuZXJ0ejoARG9jdW1lbnRzOgBVTEI6AElORk80IDIwMTMtMjAxNDoAbWVtbzoAcmVmZXJlbmNlOgBSdXNpMjAwMWEucGRmAAAOABwADQBSAHUAcwBpADIAMAAwADEAYQAuAHAAZABmAA8AGgAMAE0AYQBjAGkAbgB0AG8AcwBoACAASABEABIAS1VzZXJzL3RpbWxlbmVydHovRG9jdW1lbnRzL1VMQi9JTkZPNCAyMDEzLTIwMTQvbWVtby9yZWZlcmVuY2UvUnVzaTIwMDFhLnBkZgAAEwABLwAAFQACABH//wAAgAbSGxwdHlokY2xhc3NuYW1lWCRjbGFzc2VzXU5TTXV0YWJsZURhdGGjHR8gVk5TRGF0YVhOU09iamVjdNIbHCIjXE5TRGljdGlvbmFyeaIiIF8QD05TS2V5ZWRBcmNoaXZlctEmJ1Ryb290gAEACAARABoAIwAtADIANwBAAEYATQBVAGAAZwBqAGwAbgBxAHMAdQB3AIQAjgCcAKEAqQKLAo0CkgKdAqYCtAK4Ar8CyALNAtoC3QLvAvIC9wAAAAAAAAIBAAAAAAAAACgAAAAAAAAAAAAAAAAAAAL5}}

@inproceedings{Maka2006,
	Annote = {EGI registration with harmonic transforms},
	Author = {Ameesh Makadia and Alexander Patterson IV and Kostas Daniilidis},
	Booktitle = {CVPR '06 Proceedings of the 2006 IEEE Computer Society Conference on Computer Vision and Pattern Recognition},
	Date-Added = {2014-07-30 09:19:52 +0000},
	Date-Modified = {2014-08-16 10:20:44 +0000},
	Organization = {University of Pennsylvania},
	Pages = {1297-1304},
	Read = {0},
	Title = {Fully Automatic Registration of 3D Point Clouds},
	Used = {1},
	Volume = {1},
	Year = {2006},
	Bdsk-File-1 = {YnBsaXN0MDDUAQIDBAUGJCVYJHZlcnNpb25YJG9iamVjdHNZJGFyY2hpdmVyVCR0b3ASAAGGoKgHCBMUFRYaIVUkbnVsbNMJCgsMDxJXTlMua2V5c1pOUy5vYmplY3RzViRjbGFzc6INDoACgAOiEBGABIAFgAdccmVsYXRpdmVQYXRoWWFsaWFzRGF0YV1NYWthMjAwNmEucGRm0hcLGBlXTlMuZGF0YU8RAd4AAAAAAd4AAgAADE1hY2ludG9zaCBIRAAAAAAAAAAAAAAAAAAAAM8osKhIKwAAAB9hVA1NYWthMjAwNmEucGRmAAAAAAAAAAAAAAAAAAAAAAAAAAAAAAAAAAAAAAAAAAAAAAAAAAAAAAAAAAAAAAAAAAAAQoDmz/gFTAAAAAAAAAAAAAEAAgAACSAAAAAAAAAAAAAAAAAAAAAJcmVmZXJlbmNlAAAQAAgAAM8oopgAAAARAAgAAM/36SwAAAABABwAH2FUABLntwAXPo8AFyDIAAj9uQAI/bgAAmXZAAIAX01hY2ludG9zaCBIRDpVc2VyczoAdGltbGVuZXJ0ejoARG9jdW1lbnRzOgBVTEI6AElORk80IDIwMTMtMjAxNDoAbWVtbzoAcmVmZXJlbmNlOgBNYWthMjAwNmEucGRmAAAOABwADQBNAGEAawBhADIAMAAwADYAYQAuAHAAZABmAA8AGgAMAE0AYQBjAGkAbgB0AG8AcwBoACAASABEABIAS1VzZXJzL3RpbWxlbmVydHovRG9jdW1lbnRzL1VMQi9JTkZPNCAyMDEzLTIwMTQvbWVtby9yZWZlcmVuY2UvTWFrYTIwMDZhLnBkZgAAEwABLwAAFQACABH//wAAgAbSGxwdHlokY2xhc3NuYW1lWCRjbGFzc2VzXU5TTXV0YWJsZURhdGGjHR8gVk5TRGF0YVhOU09iamVjdNIbHCIjXE5TRGljdGlvbmFyeaIiIF8QD05TS2V5ZWRBcmNoaXZlctEmJ1Ryb290gAEACAARABoAIwAtADIANwBAAEYATQBVAGAAZwBqAGwAbgBxAHMAdQB3AIQAjgCcAKEAqQKLAo0CkgKdAqYCtAK4Ar8CyALNAtoC3QLvAvIC9wAAAAAAAAIBAAAAAAAAACgAAAAAAAAAAAAAAAAAAAL5}}

@article{Grus2012,
	Annote = {Practical examples of merging TLS + photogrammetric data},
	Author = {P. Grussenmeyer and E. Alby and T. Landes and M. Koehl and S. Guillemin and J.-F. Hullo and P. Assali and E. Smigiel},
	Date-Added = {2014-07-08 22:32:20 +0000},
	Date-Modified = {2014-08-16 10:19:55 +0000},
	Journal = {International Archives of the Photogrammetry, Remote Sensing and Spatial Information Sciences},
	Pages = {553-558},
	Read = {1},
	Title = {Recording Approach Of Heritage Sites Based On Merging Point Clouds From High Resolution Photogrammetry And Terrestrial Laser Scanning},
	Used = {1},
	Volume = {XXXIX-B5},
	Year = {2012},
	Bdsk-File-1 = {YnBsaXN0MDDUAQIDBAUGJCVYJHZlcnNpb25YJG9iamVjdHNZJGFyY2hpdmVyVCR0b3ASAAGGoKgHCBMUFRYaIVUkbnVsbNMJCgsMDxJXTlMua2V5c1pOUy5vYmplY3RzViRjbGFzc6INDoACgAOiEBGABIAFgAdccmVsYXRpdmVQYXRoWWFsaWFzRGF0YV1HcnVzMjAxMmEucGRm0hcLGBlXTlMuZGF0YU8RAd4AAAAAAd4AAgAADE1hY2ludG9zaCBIRAAAAAAAAAAAAAAAAAAAAM8osKhIKwAAAB9hVA1HcnVzMjAxMmEucGRmAAAAAAAAAAAAAAAAAAAAAAAAAAAAAAAAAAAAAAAAAAAAAAAAAAAAAAAAAAAAAAAAAAAAPPo7z+I+DgAAAAAAAAAAAAEAAgAACSAAAAAAAAAAAAAAAAAAAAAJcmVmZXJlbmNlAAAQAAgAAM8oopgAAAARAAgAAM/iIe4AAAABABwAH2FUABLntwAXPo8AFyDIAAj9uQAI/bgAAmXZAAIAX01hY2ludG9zaCBIRDpVc2VyczoAdGltbGVuZXJ0ejoARG9jdW1lbnRzOgBVTEI6AElORk80IDIwMTMtMjAxNDoAbWVtbzoAcmVmZXJlbmNlOgBHcnVzMjAxMmEucGRmAAAOABwADQBHAHIAdQBzADIAMAAxADIAYQAuAHAAZABmAA8AGgAMAE0AYQBjAGkAbgB0AG8AcwBoACAASABEABIAS1VzZXJzL3RpbWxlbmVydHovRG9jdW1lbnRzL1VMQi9JTkZPNCAyMDEzLTIwMTQvbWVtby9yZWZlcmVuY2UvR3J1czIwMTJhLnBkZgAAEwABLwAAFQACABH//wAAgAbSGxwdHlokY2xhc3NuYW1lWCRjbGFzc2VzXU5TTXV0YWJsZURhdGGjHR8gVk5TRGF0YVhOU09iamVjdNIbHCIjXE5TRGljdGlvbmFyeaIiIF8QD05TS2V5ZWRBcmNoaXZlctEmJ1Ryb290gAEACAARABoAIwAtADIANwBAAEYATQBVAGAAZwBqAGwAbgBxAHMAdQB3AIQAjgCcAKEAqQKLAo0CkgKdAqYCtAK4Ar8CyALNAtoC3QLvAvIC9wAAAAAAAAIBAAAAAAAAACgAAAAAAAAAAAAAAAAAAAL5}}

@article{Huan2012,
	Author = {Jing Huang and Suya You},
	Date-Added = {2014-07-08 15:24:14 +0000},
	Date-Modified = {2014-08-16 10:20:15 +0000},
	Journal = {Computer Vision and Pattern Recognition Workshops (CVPRW), 2012 IEEE Computer Society Conference on},
	Month = {June},
	Pages = {41-48},
	Title = {Point Cloud Matching based on 3D Self-Similarity},
	Used = {1},
	Year = {2012},
	Bdsk-File-1 = {YnBsaXN0MDDUAQIDBAUGJCVYJHZlcnNpb25YJG9iamVjdHNZJGFyY2hpdmVyVCR0b3ASAAGGoKgHCBMUFRYaIVUkbnVsbNMJCgsMDxJXTlMua2V5c1pOUy5vYmplY3RzViRjbGFzc6INDoACgAOiEBGABIAFgAdccmVsYXRpdmVQYXRoWWFsaWFzRGF0YV1IdWFuMjAxMmEucGRm0hcLGBlXTlMuZGF0YU8RAd4AAAAAAd4AAgAADE1hY2ludG9zaCBIRAAAAAAAAAAAAAAAAAAAAM8osKhIKwAAAB9hVA1IdWFuMjAxMmEucGRmAAAAAAAAAAAAAAAAAAAAAAAAAAAAAAAAAAAAAAAAAAAAAAAAAAAAAAAAAAAAAAAAAAAAO8mRz+HZuwAAAAAAAAAAAAEAAgAACSAAAAAAAAAAAAAAAAAAAAAJcmVmZXJlbmNlAAAQAAgAAM8oopgAAAARAAgAAM/hvZsAAAABABwAH2FUABLntwAXPo8AFyDIAAj9uQAI/bgAAmXZAAIAX01hY2ludG9zaCBIRDpVc2VyczoAdGltbGVuZXJ0ejoARG9jdW1lbnRzOgBVTEI6AElORk80IDIwMTMtMjAxNDoAbWVtbzoAcmVmZXJlbmNlOgBIdWFuMjAxMmEucGRmAAAOABwADQBIAHUAYQBuADIAMAAxADIAYQAuAHAAZABmAA8AGgAMAE0AYQBjAGkAbgB0AG8AcwBoACAASABEABIAS1VzZXJzL3RpbWxlbmVydHovRG9jdW1lbnRzL1VMQi9JTkZPNCAyMDEzLTIwMTQvbWVtby9yZWZlcmVuY2UvSHVhbjIwMTJhLnBkZgAAEwABLwAAFQACABH//wAAgAbSGxwdHlokY2xhc3NuYW1lWCRjbGFzc2VzXU5TTXV0YWJsZURhdGGjHR8gVk5TRGF0YVhOU09iamVjdNIbHCIjXE5TRGljdGlvbmFyeaIiIF8QD05TS2V5ZWRBcmNoaXZlctEmJ1Ryb290gAEACAARABoAIwAtADIANwBAAEYATQBVAGAAZwBqAGwAbgBxAHMAdQB3AIQAjgCcAKEAqQKLAo0CkgKdAqYCtAK4Ar8CyALNAtoC3QLvAvIC9wAAAAAAAAIBAAAAAAAAACgAAAAAAAAAAAAAAAAAAAL5}}

@inproceedings{Dold2006,
	Author = {Christoph Dold and Claus Brenner},
	Booktitle = {International Archives of Photogrammetry and Remote Sensing},
	Date-Added = {2014-07-08 14:08:10 +0000},
	Date-Modified = {2014-08-16 10:19:15 +0000},
	Organization = {Leibniz University of Hannover},
	Pages = {25-27},
	Title = {Registration of Terrestrial Laser Scanning Data using Planar Patches and Image Data},
	Used = {1},
	Year = {2006},
	Bdsk-File-1 = {YnBsaXN0MDDUAQIDBAUGJCVYJHZlcnNpb25YJG9iamVjdHNZJGFyY2hpdmVyVCR0b3ASAAGGoKgHCBMUFRYaIVUkbnVsbNMJCgsMDxJXTlMua2V5c1pOUy5vYmplY3RzViRjbGFzc6INDoACgAOiEBGABIAFgAdccmVsYXRpdmVQYXRoWWFsaWFzRGF0YV1Eb2xkMjAwNmEucGRm0hcLGBlXTlMuZGF0YU8RAd4AAAAAAd4AAgAADE1hY2ludG9zaCBIRAAAAAAAAAAAAAAAAAAAAM8osKhIKwAAAB9hVA1Eb2xkMjAwNmEucGRmAAAAAAAAAAAAAAAAAAAAAAAAAAAAAAAAAAAAAAAAAAAAAAAAAAAAAAAAAAAAAAAAAAAAO8SRz+HHvwAAAAAAAAAAAAEAAgAACSAAAAAAAAAAAAAAAAAAAAAJcmVmZXJlbmNlAAAQAAgAAM8oopgAAAARAAgAAM/hq58AAAABABwAH2FUABLntwAXPo8AFyDIAAj9uQAI/bgAAmXZAAIAX01hY2ludG9zaCBIRDpVc2VyczoAdGltbGVuZXJ0ejoARG9jdW1lbnRzOgBVTEI6AElORk80IDIwMTMtMjAxNDoAbWVtbzoAcmVmZXJlbmNlOgBEb2xkMjAwNmEucGRmAAAOABwADQBEAG8AbABkADIAMAAwADYAYQAuAHAAZABmAA8AGgAMAE0AYQBjAGkAbgB0AG8AcwBoACAASABEABIAS1VzZXJzL3RpbWxlbmVydHovRG9jdW1lbnRzL1VMQi9JTkZPNCAyMDEzLTIwMTQvbWVtby9yZWZlcmVuY2UvRG9sZDIwMDZhLnBkZgAAEwABLwAAFQACABH//wAAgAbSGxwdHlokY2xhc3NuYW1lWCRjbGFzc2VzXU5TTXV0YWJsZURhdGGjHR8gVk5TRGF0YVhOU09iamVjdNIbHCIjXE5TRGljdGlvbmFyeaIiIF8QD05TS2V5ZWRBcmNoaXZlctEmJ1Ryb290gAEACAARABoAIwAtADIANwBAAEYATQBVAGAAZwBqAGwAbgBxAHMAdQB3AIQAjgCcAKEAqQKLAo0CkgKdAqYCtAK4Ar8CyALNAtoC3QLvAvIC9wAAAAAAAAIBAAAAAAAAACgAAAAAAAAAAAAAAAAAAAL5}}

@article{Bibe2003,
	Annote = {NDT original (2D, robitics)},
	Author = {Peter Biber},
	Date-Added = {2014-07-08 04:51:32 +0000},
	Date-Modified = {2014-08-15 11:51:58 +0000},
	Organization = {University of T{\"u}bingen},
	Read = {1},
	Title = {The Normal Distributions Transform: A New Approach to Laser Scan Matching},
	Used = {1},
	Year = {2003},
	Bdsk-File-1 = {YnBsaXN0MDDUAQIDBAUGJCVYJHZlcnNpb25YJG9iamVjdHNZJGFyY2hpdmVyVCR0b3ASAAGGoKgHCBMUFRYaIVUkbnVsbNMJCgsMDxJXTlMua2V5c1pOUy5vYmplY3RzViRjbGFzc6INDoACgAOiEBGABIAFgAdccmVsYXRpdmVQYXRoWWFsaWFzRGF0YV1CaWJlMjAwM2EucGRm0hcLGBlXTlMuZGF0YU8RAd4AAAAAAd4AAgAADE1hY2ludG9zaCBIRAAAAAAAAAAAAAAAAAAAAM8osKhIKwAAAB9hVA1CaWJlMjAwM2EucGRmAAAAAAAAAAAAAAAAAAAAAAAAAAAAAAAAAAAAAAAAAAAAAAAAAAAAAAAAAAAAAAAAAAAAO5CYz+FFaAAAAAAAAAAAAAEAAgAACSAAAAAAAAAAAAAAAAAAAAAJcmVmZXJlbmNlAAAQAAgAAM8oopgAAAARAAgAAM/hKUgAAAABABwAH2FUABLntwAXPo8AFyDIAAj9uQAI/bgAAmXZAAIAX01hY2ludG9zaCBIRDpVc2VyczoAdGltbGVuZXJ0ejoARG9jdW1lbnRzOgBVTEI6AElORk80IDIwMTMtMjAxNDoAbWVtbzoAcmVmZXJlbmNlOgBCaWJlMjAwM2EucGRmAAAOABwADQBCAGkAYgBlADIAMAAwADMAYQAuAHAAZABmAA8AGgAMAE0AYQBjAGkAbgB0AG8AcwBoACAASABEABIAS1VzZXJzL3RpbWxlbmVydHovRG9jdW1lbnRzL1VMQi9JTkZPNCAyMDEzLTIwMTQvbWVtby9yZWZlcmVuY2UvQmliZTIwMDNhLnBkZgAAEwABLwAAFQACABH//wAAgAbSGxwdHlokY2xhc3NuYW1lWCRjbGFzc2VzXU5TTXV0YWJsZURhdGGjHR8gVk5TRGF0YVhOU09iamVjdNIbHCIjXE5TRGljdGlvbmFyeaIiIF8QD05TS2V5ZWRBcmNoaXZlctEmJ1Ryb290gAEACAARABoAIwAtADIANwBAAEYATQBVAGAAZwBqAGwAbgBxAHMAdQB3AIQAjgCcAKEAqQKLAo0CkgKdAqYCtAK4Ar8CyALNAtoC3QLvAvIC9wAAAAAAAAIBAAAAAAAAACgAAAAAAAAAAAAAAAAAAAL5}}

@phdthesis{Lich2011,
	Annote = {Registration using lines in both photos and point clouds},
	Author = {Maria Lichtenstein},
	Date-Added = {2014-07-06 14:48:28 +0000},
	Date-Modified = {2014-08-12 10:09:38 +0000},
	Read = {1},
	School = {Rheinisch-Westf{\"a}lische Technische Hochschule Aachen},
	Title = {Strukturbasierte Registrierung von Punktwolken unter Verwendung von Bild- und Laserscannerdaten},
	Used = {1},
	Year = {2011},
	Bdsk-File-1 = {YnBsaXN0MDDUAQIDBAUGJCVYJHZlcnNpb25YJG9iamVjdHNZJGFyY2hpdmVyVCR0b3ASAAGGoKgHCBMUFRYaIVUkbnVsbNMJCgsMDxJXTlMua2V5c1pOUy5vYmplY3RzViRjbGFzc6INDoACgAOiEBGABIAFgAdccmVsYXRpdmVQYXRoWWFsaWFzRGF0YV1MaWNoMjAxMWEucGRm0hcLGBlXTlMuZGF0YU8RAd4AAAAAAd4AAgAADE1hY2ludG9zaCBIRAAAAAAAAAAAAAAAAAAAAM8osKhIKwAAAB9hVA1MaWNoMjAxMWEucGRmAAAAAAAAAAAAAAAAAAAAAAAAAAAAAAAAAAAAAAAAAAAAAAAAAAAAAAAAAAAAAAAAAAAAOOhfz90oBAAAAAAAAAAAAAEAAgAACSAAAAAAAAAAAAAAAAAAAAAJcmVmZXJlbmNlAAAQAAgAAM8oopgAAAARAAgAAM/dC+QAAAABABwAH2FUABLntwAXPo8AFyDIAAj9uQAI/bgAAmXZAAIAX01hY2ludG9zaCBIRDpVc2VyczoAdGltbGVuZXJ0ejoARG9jdW1lbnRzOgBVTEI6AElORk80IDIwMTMtMjAxNDoAbWVtbzoAcmVmZXJlbmNlOgBMaWNoMjAxMWEucGRmAAAOABwADQBMAGkAYwBoADIAMAAxADEAYQAuAHAAZABmAA8AGgAMAE0AYQBjAGkAbgB0AG8AcwBoACAASABEABIAS1VzZXJzL3RpbWxlbmVydHovRG9jdW1lbnRzL1VMQi9JTkZPNCAyMDEzLTIwMTQvbWVtby9yZWZlcmVuY2UvTGljaDIwMTFhLnBkZgAAEwABLwAAFQACABH//wAAgAbSGxwdHlokY2xhc3NuYW1lWCRjbGFzc2VzXU5TTXV0YWJsZURhdGGjHR8gVk5TRGF0YVhOU09iamVjdNIbHCIjXE5TRGljdGlvbmFyeaIiIF8QD05TS2V5ZWRBcmNoaXZlctEmJ1Ryb290gAEACAARABoAIwAtADIANwBAAEYATQBVAGAAZwBqAGwAbgBxAHMAdQB3AIQAjgCcAKEAqQKLAo0CkgKdAqYCtAK4Ar8CyALNAtoC3QLvAvIC9wAAAAAAAAIBAAAAAAAAACgAAAAAAAAAAAAAAAAAAAL5}}

@inproceedings{Dold2005,
	Annote = {Coarse rotation-only registration using extended gaussian images},
	Author = {Christoph Dold},
	Date-Added = {2014-07-06 14:39:43 +0000},
	Date-Modified = {2014-08-12 10:01:56 +0000},
	Organization = {Institute of Cartography and Geoinformatics, University of Hannover, Germany},
	Read = {1},
	Title = {Extended Gaussian Images for the Registration of Terrestial Scan Data},
	Used = {1},
	Year = {2005},
	Bdsk-File-1 = {YnBsaXN0MDDUAQIDBAUGJCVYJHZlcnNpb25YJG9iamVjdHNZJGFyY2hpdmVyVCR0b3ASAAGGoKgHCBMUFRYaIVUkbnVsbNMJCgsMDxJXTlMua2V5c1pOUy5vYmplY3RzViRjbGFzc6INDoACgAOiEBGABIAFgAdccmVsYXRpdmVQYXRoWWFsaWFzRGF0YV1Eb2xkMjAwNWEucGRm0hcLGBlXTlMuZGF0YU8RAd4AAAAAAd4AAgAADE1hY2ludG9zaCBIRAAAAAAAAAAAAAAAAAAAAM8osKhIKwAAAB9hVA1Eb2xkMjAwNWEucGRmAAAAAAAAAAAAAAAAAAAAAAAAAAAAAAAAAAAAAAAAAAAAAAAAAAAAAAAAAAAAAAAAAAAAPzg1z98sOQAAAAAAAAAAAAEAAgAACSAAAAAAAAAAAAAAAAAAAAAJcmVmZXJlbmNlAAAQAAgAAM8oopgAAAARAAgAAM/fEBkAAAABABwAH2FUABLntwAXPo8AFyDIAAj9uQAI/bgAAmXZAAIAX01hY2ludG9zaCBIRDpVc2VyczoAdGltbGVuZXJ0ejoARG9jdW1lbnRzOgBVTEI6AElORk80IDIwMTMtMjAxNDoAbWVtbzoAcmVmZXJlbmNlOgBEb2xkMjAwNWEucGRmAAAOABwADQBEAG8AbABkADIAMAAwADUAYQAuAHAAZABmAA8AGgAMAE0AYQBjAGkAbgB0AG8AcwBoACAASABEABIAS1VzZXJzL3RpbWxlbmVydHovRG9jdW1lbnRzL1VMQi9JTkZPNCAyMDEzLTIwMTQvbWVtby9yZWZlcmVuY2UvRG9sZDIwMDVhLnBkZgAAEwABLwAAFQACABH//wAAgAbSGxwdHlokY2xhc3NuYW1lWCRjbGFzc2VzXU5TTXV0YWJsZURhdGGjHR8gVk5TRGF0YVhOU09iamVjdNIbHCIjXE5TRGljdGlvbmFyeaIiIF8QD05TS2V5ZWRBcmNoaXZlctEmJ1Ryb290gAEACAARABoAIwAtADIANwBAAEYATQBVAGAAZwBqAGwAbgBxAHMAdQB3AIQAjgCcAKEAqQKLAo0CkgKdAqYCtAK4Ar8CyALNAtoC3QLvAvIC9wAAAAAAAAIBAAAAAAAAACgAAAAAAAAAAAAAAAAAAAL5}}

@article{Rose2012,
	Annote = {State of the art 2012, solutions for photogrammetry and TLS},
	Author = {Hugo Rose},
	Date-Added = {2014-07-06 01:50:23 +0000},
	Date-Modified = {2014-08-12 10:09:55 +0000},
	Journal = {Revue XYZ},
	Number = {2e trimestre},
	Pages = {19-23},
	Read = {1},
	Title = {Processus de cr{\'e}ation de nuages de points par corr{\'e}lation d'images},
	Used = {1},
	Volume = {131},
	Year = {2012},
	Bdsk-File-1 = {YnBsaXN0MDDUAQIDBAUGJCVYJHZlcnNpb25YJG9iamVjdHNZJGFyY2hpdmVyVCR0b3ASAAGGoKgHCBMUFRYaIVUkbnVsbNMJCgsMDxJXTlMua2V5c1pOUy5vYmplY3RzViRjbGFzc6INDoACgAOiEBGABIAFgAdccmVsYXRpdmVQYXRoWWFsaWFzRGF0YV1Sb3NlMjAxMmEucGRm0hcLGBlXTlMuZGF0YU8RAd4AAAAAAd4AAgAADE1hY2ludG9zaCBIRAAAAAAAAAAAAAAAAAAAAM8osKhIKwAAAB9hVA1Sb3NlMjAxMmEucGRmAAAAAAAAAAAAAAAAAAAAAAAAAAAAAAAAAAAAAAAAAAAAAAAAAAAAAAAAAAAAAAAAAAAAOONaz90iagAAAAAAAAAAAAEAAgAACSAAAAAAAAAAAAAAAAAAAAAJcmVmZXJlbmNlAAAQAAgAAM8oopgAAAARAAgAAM/dBkoAAAABABwAH2FUABLntwAXPo8AFyDIAAj9uQAI/bgAAmXZAAIAX01hY2ludG9zaCBIRDpVc2VyczoAdGltbGVuZXJ0ejoARG9jdW1lbnRzOgBVTEI6AElORk80IDIwMTMtMjAxNDoAbWVtbzoAcmVmZXJlbmNlOgBSb3NlMjAxMmEucGRmAAAOABwADQBSAG8AcwBlADIAMAAxADIAYQAuAHAAZABmAA8AGgAMAE0AYQBjAGkAbgB0AG8AcwBoACAASABEABIAS1VzZXJzL3RpbWxlbmVydHovRG9jdW1lbnRzL1VMQi9JTkZPNCAyMDEzLTIwMTQvbWVtby9yZWZlcmVuY2UvUm9zZTIwMTJhLnBkZgAAEwABLwAAFQACABH//wAAgAbSGxwdHlokY2xhc3NuYW1lWCRjbGFzc2VzXU5TTXV0YWJsZURhdGGjHR8gVk5TRGF0YVhOU09iamVjdNIbHCIjXE5TRGljdGlvbmFyeaIiIF8QD05TS2V5ZWRBcmNoaXZlctEmJ1Ryb290gAEACAARABoAIwAtADIANwBAAEYATQBVAGAAZwBqAGwAbgBxAHMAdQB3AIQAjgCcAKEAqQKLAo0CkgKdAqYCtAK4Ar8CyALNAtoC3QLvAvIC9wAAAAAAAAIBAAAAAAAAACgAAAAAAAAAAAAAAAAAAAL5}}

@article{Kers2006,
	Annote = {State of the art of existing scanning devices and fusion methods},
	Author = {Thomas Kersten and Heinz-J{\"u}rgen Przybilla and Maren Lindstaedt},
	Date-Added = {2014-07-06 01:22:19 +0000},
	Date-Modified = {2014-08-16 10:20:23 +0000},
	Month = {November},
	Organization = {HafenCity Universit{\"a}t Hamburg},
	Read = {1},
	Title = {Integration, Fusion und Kombination von terrestrischen Laserscannerdaten und digitalen Bildern},
	Used = {1},
	Year = {2006},
	Bdsk-File-1 = {YnBsaXN0MDDUAQIDBAUGJCVYJHZlcnNpb25YJG9iamVjdHNZJGFyY2hpdmVyVCR0b3ASAAGGoKgHCBMUFRYaIVUkbnVsbNMJCgsMDxJXTlMua2V5c1pOUy5vYmplY3RzViRjbGFzc6INDoACgAOiEBGABIAFgAdccmVsYXRpdmVQYXRoWWFsaWFzRGF0YV1LZXJzMjAwNmEucGRm0hcLGBlXTlMuZGF0YU8RAd4AAAAAAd4AAgAADE1hY2ludG9zaCBIRAAAAAAAAAAAAAAAAAAAAM8osKhIKwAAAB9hVA1LZXJzMjAwNmEucGRmAAAAAAAAAAAAAAAAAAAAAAAAAAAAAAAAAAAAAAAAAAAAAAAAAAAAAAAAAAAAAAAAAAAAPwYAz90pfAAAAAAAAAAAAAEAAgAACSAAAAAAAAAAAAAAAAAAAAAJcmVmZXJlbmNlAAAQAAgAAM8oopgAAAARAAgAAM/dDVwAAAABABwAH2FUABLntwAXPo8AFyDIAAj9uQAI/bgAAmXZAAIAX01hY2ludG9zaCBIRDpVc2VyczoAdGltbGVuZXJ0ejoARG9jdW1lbnRzOgBVTEI6AElORk80IDIwMTMtMjAxNDoAbWVtbzoAcmVmZXJlbmNlOgBLZXJzMjAwNmEucGRmAAAOABwADQBLAGUAcgBzADIAMAAwADYAYQAuAHAAZABmAA8AGgAMAE0AYQBjAGkAbgB0AG8AcwBoACAASABEABIAS1VzZXJzL3RpbWxlbmVydHovRG9jdW1lbnRzL1VMQi9JTkZPNCAyMDEzLTIwMTQvbWVtby9yZWZlcmVuY2UvS2VyczIwMDZhLnBkZgAAEwABLwAAFQACABH//wAAgAbSGxwdHlokY2xhc3NuYW1lWCRjbGFzc2VzXU5TTXV0YWJsZURhdGGjHR8gVk5TRGF0YVhOU09iamVjdNIbHCIjXE5TRGljdGlvbmFyeaIiIF8QD05TS2V5ZWRBcmNoaXZlctEmJ1Ryb290gAEACAARABoAIwAtADIANwBAAEYATQBVAGAAZwBqAGwAbgBxAHMAdQB3AIQAjgCcAKEAqQKLAo0CkgKdAqYCtAK4Ar8CyALNAtoC3QLvAvIC9wAAAAAAAAIBAAAAAAAAACgAAAAAAAAAAAAAAAAAAAL5}}

@article{Dold2007,
	Annote = {Sumary of 3 point cloud registration methods and example usage},
	Author = {Christoph Dold and Nora Ripperda and Claus Brenner},
	Date-Added = {2014-07-06 00:39:57 +0000},
	Date-Modified = {2014-08-16 10:19:22 +0000},
	Journal = {Beitr{\"a}ge der Oldenburger 3D-Tage},
	Pages = {196},
	Read = {1},
	Title = {Vergleich verschiedener Methoden zur automatischen Registrierung von terrestrischen Laserscandaten},
	Used = {1},
	Year = {2007},
	Bdsk-File-1 = {YnBsaXN0MDDUAQIDBAUGJCVYJHZlcnNpb25YJG9iamVjdHNZJGFyY2hpdmVyVCR0b3ASAAGGoKgHCBMUFRYaIVUkbnVsbNMJCgsMDxJXTlMua2V5c1pOUy5vYmplY3RzViRjbGFzc6INDoACgAOiEBGABIAFgAdccmVsYXRpdmVQYXRoWWFsaWFzRGF0YV1Eb2xkMjAwN2EucGRm0hcLGBlXTlMuZGF0YU8RAd4AAAAAAd4AAgAADE1hY2ludG9zaCBIRAAAAAAAAAAAAAAAAAAAAM8osKhIKwAAAB9hVA1Eb2xkMjAwN2EucGRmAAAAAAAAAAAAAAAAAAAAAAAAAAAAAAAAAAAAAAAAAAAAAAAAAAAAAAAAAAAAAAAAAAAAOPbaz91KiwAAAAAAAAAAAAEAAgAACSAAAAAAAAAAAAAAAAAAAAAJcmVmZXJlbmNlAAAQAAgAAM8oopgAAAARAAgAAM/dLmsAAAABABwAH2FUABLntwAXPo8AFyDIAAj9uQAI/bgAAmXZAAIAX01hY2ludG9zaCBIRDpVc2VyczoAdGltbGVuZXJ0ejoARG9jdW1lbnRzOgBVTEI6AElORk80IDIwMTMtMjAxNDoAbWVtbzoAcmVmZXJlbmNlOgBEb2xkMjAwN2EucGRmAAAOABwADQBEAG8AbABkADIAMAAwADcAYQAuAHAAZABmAA8AGgAMAE0AYQBjAGkAbgB0AG8AcwBoACAASABEABIAS1VzZXJzL3RpbWxlbmVydHovRG9jdW1lbnRzL1VMQi9JTkZPNCAyMDEzLTIwMTQvbWVtby9yZWZlcmVuY2UvRG9sZDIwMDdhLnBkZgAAEwABLwAAFQACABH//wAAgAbSGxwdHlokY2xhc3NuYW1lWCRjbGFzc2VzXU5TTXV0YWJsZURhdGGjHR8gVk5TRGF0YVhOU09iamVjdNIbHCIjXE5TRGljdGlvbmFyeaIiIF8QD05TS2V5ZWRBcmNoaXZlctEmJ1Ryb290gAEACAARABoAIwAtADIANwBAAEYATQBVAGAAZwBqAGwAbgBxAHMAdQB3AIQAjgCcAKEAqQKLAo0CkgKdAqYCtAK4Ar8CyALNAtoC3QLvAvIC9wAAAAAAAAIBAAAAAAAAACgAAAAAAAAAAAAAAAAAAAL5}}

@mastersthesis{Gard2009,
	Author = {Gardon Elzbieta},
	Date-Added = {2014-07-06 00:35:01 +0000},
	Date-Modified = {2014-08-12 10:12:15 +0000},
	Month = {Septembre},
	School = {Ecole Nationale des Sciences G{\'e}ographiques},
	Title = {Fusion de cartes de profondeurs en photogramm{\'e}trie architecturale},
	Type = {Rapport de Projet Pluridisciplinaire},
	Used = {1},
	Year = {2009},
	Bdsk-File-1 = {YnBsaXN0MDDUAQIDBAUGJCVYJHZlcnNpb25YJG9iamVjdHNZJGFyY2hpdmVyVCR0b3ASAAGGoKgHCBMUFRYaIVUkbnVsbNMJCgsMDxJXTlMua2V5c1pOUy5vYmplY3RzViRjbGFzc6INDoACgAOiEBGABIAFgAdccmVsYXRpdmVQYXRoWWFsaWFzRGF0YV1HYXJkMjAwOWEucGRm0hcLGBlXTlMuZGF0YU8RAd4AAAAAAd4AAgAADE1hY2ludG9zaCBIRAAAAAAAAAAAAAAAAAAAAM8osKhIKwAAAB9hVA1HYXJkMjAwOWEucGRmAAAAAAAAAAAAAAAAAAAAAAAAAAAAAAAAAAAAAAAAAAAAAAAAAAAAAAAAAAAAAAAAAAAAOOT2z90kEQAAAAAAAAAAAAEAAgAACSAAAAAAAAAAAAAAAAAAAAAJcmVmZXJlbmNlAAAQAAgAAM8oopgAAAARAAgAAM/dB/EAAAABABwAH2FUABLntwAXPo8AFyDIAAj9uQAI/bgAAmXZAAIAX01hY2ludG9zaCBIRDpVc2VyczoAdGltbGVuZXJ0ejoARG9jdW1lbnRzOgBVTEI6AElORk80IDIwMTMtMjAxNDoAbWVtbzoAcmVmZXJlbmNlOgBHYXJkMjAwOWEucGRmAAAOABwADQBHAGEAcgBkADIAMAAwADkAYQAuAHAAZABmAA8AGgAMAE0AYQBjAGkAbgB0AG8AcwBoACAASABEABIAS1VzZXJzL3RpbWxlbmVydHovRG9jdW1lbnRzL1VMQi9JTkZPNCAyMDEzLTIwMTQvbWVtby9yZWZlcmVuY2UvR2FyZDIwMDlhLnBkZgAAEwABLwAAFQACABH//wAAgAbSGxwdHlokY2xhc3NuYW1lWCRjbGFzc2VzXU5TTXV0YWJsZURhdGGjHR8gVk5TRGF0YVhOU09iamVjdNIbHCIjXE5TRGljdGlvbmFyeaIiIF8QD05TS2V5ZWRBcmNoaXZlctEmJ1Ryb290gAEACAARABoAIwAtADIANwBAAEYATQBVAGAAZwBqAGwAbgBxAHMAdQB3AIQAjgCcAKEAqQKLAo0CkgKdAqYCtAK4Ar8CyALNAtoC3QLvAvIC9wAAAAAAAAIBAAAAAAAAACgAAAAAAAAAAAAAAAAAAAL5}}

@article{Zogg2006,
	Author = {Hans Martin Zogg and Thorsten Schulz},
	Date-Added = {2014-07-06 00:09:25 +0000},
	Date-Modified = {2014-08-16 10:21:37 +0000},
	Journal = {Geomatik Schweiz: Geoinformation und Landmanagement},
	Number = {8},
	Read = {1},
	Title = {Terrestrisches Laserscanning in der Geomatik},
	Used = {1},
	Volume = {104},
	Year = {2006},
	Bdsk-File-1 = {YnBsaXN0MDDUAQIDBAUGJCVYJHZlcnNpb25YJG9iamVjdHNZJGFyY2hpdmVyVCR0b3ASAAGGoKgHCBMUFRYaIVUkbnVsbNMJCgsMDxJXTlMua2V5c1pOUy5vYmplY3RzViRjbGFzc6INDoACgAOiEBGABIAFgAdccmVsYXRpdmVQYXRoWWFsaWFzRGF0YV1ab2dnMjAwNmEucGRm0hcLGBlXTlMuZGF0YU8RAd4AAAAAAd4AAgAADE1hY2ludG9zaCBIRAAAAAAAAAAAAAAAAAAAAM8osKhIKwAAAB9hVA1ab2dnMjAwNmEucGRmAAAAAAAAAAAAAAAAAAAAAAAAAAAAAAAAAAAAAAAAAAAAAAAAAAAAAAAAAAAAAAAAAAAAOPF0z904TQAAAAAAAAAAAAEAAgAACSAAAAAAAAAAAAAAAAAAAAAJcmVmZXJlbmNlAAAQAAgAAM8oopgAAAARAAgAAM/dHC0AAAABABwAH2FUABLntwAXPo8AFyDIAAj9uQAI/bgAAmXZAAIAX01hY2ludG9zaCBIRDpVc2VyczoAdGltbGVuZXJ0ejoARG9jdW1lbnRzOgBVTEI6AElORk80IDIwMTMtMjAxNDoAbWVtbzoAcmVmZXJlbmNlOgBab2dnMjAwNmEucGRmAAAOABwADQBaAG8AZwBnADIAMAAwADYAYQAuAHAAZABmAA8AGgAMAE0AYQBjAGkAbgB0AG8AcwBoACAASABEABIAS1VzZXJzL3RpbWxlbmVydHovRG9jdW1lbnRzL1VMQi9JTkZPNCAyMDEzLTIwMTQvbWVtby9yZWZlcmVuY2UvWm9nZzIwMDZhLnBkZgAAEwABLwAAFQACABH//wAAgAbSGxwdHlokY2xhc3NuYW1lWCRjbGFzc2VzXU5TTXV0YWJsZURhdGGjHR8gVk5TRGF0YVhOU09iamVjdNIbHCIjXE5TRGljdGlvbmFyeaIiIF8QD05TS2V5ZWRBcmNoaXZlctEmJ1Ryb290gAEACAARABoAIwAtADIANwBAAEYATQBVAGAAZwBqAGwAbgBxAHMAdQB3AIQAjgCcAKEAqQKLAo0CkgKdAqYCtAK4Ar8CyALNAtoC3QLvAvIC9wAAAAAAAAIBAAAAAAAAACgAAAAAAAAAAAAAAAAAAAL5}}

@inproceedings{Dell2013,
	Annote = {Refine registration of multiple images with cloud},
	Author = {Matteo Dellepiane and Roberto Scopigno},
	Booktitle = {Digital Heritage 2013},
	Date-Added = {2014-07-06 00:03:29 +0000},
	Date-Modified = {2014-08-26 14:51:06 +0000},
	Month = {November},
	Pages = {39-46},
	Publisher = {IEEE},
	Read = {1},
	Title = {Global refinement of image-to-geometry registration for color projection},
	Used = {1},
	Year = {2013},
	Bdsk-File-1 = {YnBsaXN0MDDUAQIDBAUGJCVYJHZlcnNpb25YJG9iamVjdHNZJGFyY2hpdmVyVCR0b3ASAAGGoKgHCBMUFRYaIVUkbnVsbNMJCgsMDxJXTlMua2V5c1pOUy5vYmplY3RzViRjbGFzc6INDoACgAOiEBGABIAFgAdccmVsYXRpdmVQYXRoWWFsaWFzRGF0YV1EZWxsMjAxM2EucGRm0hcLGBlXTlMuZGF0YU8RAd4AAAAAAd4AAgAADE1hY2ludG9zaCBIRAAAAAAAAAAAAAAAAAAAAM8osKhIKwAAAB9hVA1EZWxsMjAxM2EucGRmAAAAAAAAAAAAAAAAAAAAAAAAAAAAAAAAAAAAAAAAAAAAAAAAAAAAAAAAAAAAAAAAAAAAFkQGz5gVMgAAAAAAAAAAAAEAAgAACSAAAAAAAAAAAAAAAAAAAAAJcmVmZXJlbmNlAAAQAAgAAM8oopgAAAARAAgAAM+X+RIAAAABABwAH2FUABLntwAXPo8AFyDIAAj9uQAI/bgAAmXZAAIAX01hY2ludG9zaCBIRDpVc2VyczoAdGltbGVuZXJ0ejoARG9jdW1lbnRzOgBVTEI6AElORk80IDIwMTMtMjAxNDoAbWVtbzoAcmVmZXJlbmNlOgBEZWxsMjAxM2EucGRmAAAOABwADQBEAGUAbABsADIAMAAxADMAYQAuAHAAZABmAA8AGgAMAE0AYQBjAGkAbgB0AG8AcwBoACAASABEABIAS1VzZXJzL3RpbWxlbmVydHovRG9jdW1lbnRzL1VMQi9JTkZPNCAyMDEzLTIwMTQvbWVtby9yZWZlcmVuY2UvRGVsbDIwMTNhLnBkZgAAEwABLwAAFQACABH//wAAgAbSGxwdHlokY2xhc3NuYW1lWCRjbGFzc2VzXU5TTXV0YWJsZURhdGGjHR8gVk5TRGF0YVhOU09iamVjdNIbHCIjXE5TRGljdGlvbmFyeaIiIF8QD05TS2V5ZWRBcmNoaXZlctEmJ1Ryb290gAEACAARABoAIwAtADIANwBAAEYATQBVAGAAZwBqAGwAbgBxAHMAdQB3AIQAjgCcAKEAqQKLAo0CkgKdAqYCtAK4Ar8CyALNAtoC3QLvAvIC9wAAAAAAAAIBAAAAAAAAACgAAAAAAAAAAAAAAAAAAAL5}}

@mastersthesis{Giro2013,
	Annote = {Color correction of images used to colorize point cloud},
	Author = {Luc Girod},
	Date-Added = {2014-07-06 00:01:46 +0000},
	Date-Modified = {2014-08-12 09:36:55 +0000},
	Month = {Septembre},
	Read = {1},
	School = {Ecole Nationale des Sciences G{\'e}ographiques (France)},
	Title = {{\'E}galisation radiom{\'e}trique de nuages de points 3D: Principes et Algorithmique},
	Type = {Stage de fin d'{\'e}tudes},
	Used = {1},
	Year = {2013},
	Bdsk-File-1 = {YnBsaXN0MDDUAQIDBAUGJCVYJHZlcnNpb25YJG9iamVjdHNZJGFyY2hpdmVyVCR0b3ASAAGGoKgHCBMUFRYaIVUkbnVsbNMJCgsMDxJXTlMua2V5c1pOUy5vYmplY3RzViRjbGFzc6INDoACgAOiEBGABIAFgAdccmVsYXRpdmVQYXRoWWFsaWFzRGF0YV1HaXJvMjAxM2EucGRm0hcLGBlXTlMuZGF0YU8RAd4AAAAAAd4AAgAADE1hY2ludG9zaCBIRAAAAAAAAAAAAAAAAAAAAM8osKhIKwAAAB9hVA1HaXJvMjAxM2EucGRmAAAAAAAAAAAAAAAAAAAAAAAAAAAAAAAAAAAAAAAAAAAAAAAAAAAAAAAAAAAAAAAAAAAAOOS9zw+EsAAAAAAAAAAAAAEAAgAACSAAAAAAAAAAAAAAAAAAAAAJcmVmZXJlbmNlAAAQAAgAAM8oopgAAAARAAgAAM8PdqAAAAABABwAH2FUABLntwAXPo8AFyDIAAj9uQAI/bgAAmXZAAIAX01hY2ludG9zaCBIRDpVc2VyczoAdGltbGVuZXJ0ejoARG9jdW1lbnRzOgBVTEI6AElORk80IDIwMTMtMjAxNDoAbWVtbzoAcmVmZXJlbmNlOgBHaXJvMjAxM2EucGRmAAAOABwADQBHAGkAcgBvADIAMAAxADMAYQAuAHAAZABmAA8AGgAMAE0AYQBjAGkAbgB0AG8AcwBoACAASABEABIAS1VzZXJzL3RpbWxlbmVydHovRG9jdW1lbnRzL1VMQi9JTkZPNCAyMDEzLTIwMTQvbWVtby9yZWZlcmVuY2UvR2lybzIwMTNhLnBkZgAAEwABLwAAFQACABH//wAAgAbSGxwdHlokY2xhc3NuYW1lWCRjbGFzc2VzXU5TTXV0YWJsZURhdGGjHR8gVk5TRGF0YVhOU09iamVjdNIbHCIjXE5TRGljdGlvbmFyeaIiIF8QD05TS2V5ZWRBcmNoaXZlctEmJ1Ryb290gAEACAARABoAIwAtADIANwBAAEYATQBVAGAAZwBqAGwAbgBxAHMAdQB3AIQAjgCcAKEAqQKLAo0CkgKdAqYCtAK4Ar8CyALNAtoC3QLvAvIC9wAAAAAAAAIBAAAAAAAAACgAAAAAAAAAAAAAAAAAAAL5}}

@article{Tour2009,
	Annote = {Registering point clouds using photographs},
	Author = {E. Tournas and M. Tsakiri},
	Date-Added = {2014-06-01 08:18:55 +0000},
	Date-Modified = {2014-08-16 10:21:22 +0000},
	Journal = {Laser scanning 2009, IAPRS},
	Month = {September},
	Pages = {189-194},
	Read = {1},
	Title = {Automatic 3D Point Cloud Registration for Cultural Heritage Documentation},
	Used = {1},
	Volume = {XXXVIII},
	Year = {2009},
	Bdsk-File-1 = {YnBsaXN0MDDUAQIDBAUGJCVYJHZlcnNpb25YJG9iamVjdHNZJGFyY2hpdmVyVCR0b3ASAAGGoKgHCBMUFRYaIVUkbnVsbNMJCgsMDxJXTlMua2V5c1pOUy5vYmplY3RzViRjbGFzc6INDoACgAOiEBGABIAFgAdccmVsYXRpdmVQYXRoWWFsaWFzRGF0YV1Ub3VyMjAwOWEucGRm0hcLGBlXTlMuZGF0YU8RAd4AAAAAAd4AAgAADE1hY2ludG9zaCBIRAAAAAAAAAAAAAAAAAAAAM8osKhIKwAAAB9hVA1Ub3VyMjAwOWEucGRmAAAAAAAAAAAAAAAAAAAAAAAAAAAAAAAAAAAAAAAAAAAAAAAAAAAAAAAAAAAAAAAAAAAAPtH8z6V2ewAAAAAAAAAAAAEAAgAACSAAAAAAAAAAAAAAAAAAAAAJcmVmZXJlbmNlAAAQAAgAAM8oopgAAAARAAgAAM+lWlsAAAABABwAH2FUABLntwAXPo8AFyDIAAj9uQAI/bgAAmXZAAIAX01hY2ludG9zaCBIRDpVc2VyczoAdGltbGVuZXJ0ejoARG9jdW1lbnRzOgBVTEI6AElORk80IDIwMTMtMjAxNDoAbWVtbzoAcmVmZXJlbmNlOgBUb3VyMjAwOWEucGRmAAAOABwADQBUAG8AdQByADIAMAAwADkAYQAuAHAAZABmAA8AGgAMAE0AYQBjAGkAbgB0AG8AcwBoACAASABEABIAS1VzZXJzL3RpbWxlbmVydHovRG9jdW1lbnRzL1VMQi9JTkZPNCAyMDEzLTIwMTQvbWVtby9yZWZlcmVuY2UvVG91cjIwMDlhLnBkZgAAEwABLwAAFQACABH//wAAgAbSGxwdHlokY2xhc3NuYW1lWCRjbGFzc2VzXU5TTXV0YWJsZURhdGGjHR8gVk5TRGF0YVhOU09iamVjdNIbHCIjXE5TRGljdGlvbmFyeaIiIF8QD05TS2V5ZWRBcmNoaXZlctEmJ1Ryb290gAEACAARABoAIwAtADIANwBAAEYATQBVAGAAZwBqAGwAbgBxAHMAdQB3AIQAjgCcAKEAqQKLAo0CkgKdAqYCtAK4Ar8CyALNAtoC3QLvAvIC9wAAAAAAAAIBAAAAAAAAACgAAAAAAAAAAAAAAAAAAAL5}}
